2986 4912
735 309 774 372 13

276 503 320 541 oc.
346 479 559 562 Amphitrite,
590 480 746 544 Theseus,
778 502 808 543 v.
838 503 870 564 p.
903 489 954 543 21.
988 489 1045 558 223
1066 490 1165 546 mon.
1199 482 1226 546 I.
1253 490 1312 560 52;
1375 476 1379 481 ’

548 610 577 651 a.
610 588 641 650 d.
672 588 733 650 ΠΙ.
766 595 817 651 25.
854 597 881 650 1.
909 596 946 666 23
978 590 1054 666 Ov.,
1077 589 1143 674 gal.
1168 590 1225 653 tas.
1255 598 1312 666 13;

475 736 484 748 ·
548 695 588 758 el.
607 697 669 758 cer.
687 696 756 758 ΠΙ.·
768 705 797 760 9.
816 696 857 759 cf.
872 719 970 761 uouv.
985 719 1061 760 aun.
1077 698 1102 760 l.
1118 719 1151 780 p.
1170 704 1228 762 139
1242 720 1311 782 sqq.

275 918 325 980 *a
356 919 551 1002 Amphitrite
573 920 609 982 in
632 921 711 984 solio
735 922 866 998 sedenS,
895 932 1045 1004 quattuor
1066 922 1222 986 Nereides
1249 925 1314 1008 (re-

190 1026 352 1109 spondent
373 1026 487 1090 Peleus
516 1037 548 1090 et
569 1028 681 1091 Thetis
710 1030 746 1091 in
769 1029 867 1092 altera
887 1039 1016 1112 paterae
1037 1033 1152 1116 parte).
1200 1033 1314 1116 Capite

189 1133 370 1196 diademate
398 1134 519 1211 cincto,
552 1136 681 1200 sinistra
711 1137 882 1200 tridentem
911 1138 1036 1202 retinet.
1069 1139 1168 1203 CIV.
1190 1142 1309 1224 702.²¹)

276 1242 324 1304 *t
356 1242 474 1306 Mulier
502 1243 643 1307 libamen
666 1245 834 1308 effundens
862 1246 966 1329 (modo
988 1234 1164 1330 descriptae
1187 1259 1314 1331 paterae

190 1349 315 1433 pictura
347 1350 502 1429 interior).
557 1351 692 1415 Sinistra
725 1352 862 1416 tridente
895 1355 992 1418 nixus
1026 1356 1138 1418 dextra
1171 1366 1314 1439 pateram

189 1459 364 1540 protendit.

276 1566 332 1628 *aa
368 1566 554 1650 Respondet
586 1567 621 1628 in
655 1588 764 1631 aversa
797 1569 881 1632 vasis
914 1579 1004 1652 parte
1036 1571 1139 1653 figura
1168 1571 1308 1654 palliata.

192 1672 380 1736 Tridentem
401 1685 433 1736 et
454 1685 596 1757 pateram
618 1675 745 1740 retinet.
771 1676 871 1739 CXI.
899 1684 948 1739 79.
960 1679 996 1761 ⁴¹⁰)

650 1921 851 1930 ——-—-

275 2104 476 2190 Anaglyphis
491 2107 618 2183 deinde,
637 2128 718 2189 quae
734 2116 863 2190 propter
876 2106 998 2189 priscae
1013 2109 1089 2172 artis
1100 2107 1313 2171 imitationem

189 2213 231 2277 ad
246 2235 328 2290 eam,
353 2234 450 2296 quam
466 2213 659 2296 quaerimus,
682 2214 828 2297 Neptuni
842 2216 978 2296 figuram
995 2225 1135 2297 spectare
1152 2215 1310 2292 videntur,

190 2321 352 2384 secundus
381 2321 471 2384 locus
502 2323 712 2385 vindicandus
739 2322 808 2384 erit.
857 2321 1067 2384 Sed'summa
1089 2324 1124 2384 in
1146 2323 1196 2386 his
1212 2324 1312 2413 'adhi-

188 2427 295 2491 benda
316 2437 365 2492 est
378 2429 561 2512 prudentia,
586 2451 627 2492 ne
643 2429 716 2513 plus
732 2451 833 2512 aequo
849 2451 961 2493 eorum
976 2430 1096 2493 auxilio
1112 2414 1309 2495 enucleetur.

131 2550 134 2557 '
187 2535 324 2620 Saepius
354 2537 440 2599 enim
469 2536 651 2621 sculpentes
681 2538 732 2601 sui
754 2538 905 2620 temporis
929 2547 1028 2600 artem
1049 2538 1228 2621 respexisse
1250 2562 1312 2622 pu-

188 2644 280 2707 tandi
310 2655 403 2721 sunt,
444 2667 540 2727 quam
580 2655 749 2728 sequentes
782 2645 817 2705 in
849 2645 985 2727 priscam
1019 2656 1118 2708 artem
1152 2646 1311 2709 nonnulla

187 2752 389 2817 transtulisse
418 2753 584 2830 videntur,
617 2775 699 2835 quae
728 2752 912 2815 recentioris
936 2754 1048 2816 aetatis
1072 2775 1141 2817 esse
1164 2769 1306 2836 apparet.

188 2859 380 2946 Anaglypha
402 2870 509 2924 autem
531 2861 609 2925 haec
631 2861 697 2923 sere
720 2870 812 2923 suut:

278 2974 305 3028 1.
331 2967 423 3030 Basis
446 2968 586 3032 trilatera
607 2968 837 3053 Borghesiana,
862 2990 944 3050 quae
967 2969 1156 3032 »duodecim
1179 2969 1312 3031 deorum

189 3094 263 3139 ara«
291 3074 424 3153 dicitur,
455 3099 543 3139 nunc
566 3076 695 3138 Parisiis
717 3087 847 3152 extans,
878 3075 912 3137 in
935 3097 999 3158 qua
1020 3076 1167 3159 Neptuni
1189 3078 1311 3161 figurae

187 3284 393 3294 --.-.-..

256 3407 298 3469 ld)
319 3402 496 3473 Respeximus
508 3419 595 3473 neque
608 3401 735 3456 adollam
749 3401 942 3455 Monacensem
953 3403 1060 3468 (Mun
1076 3402 1118 3455 ed.
1128 3419 1200 3455 mon.
1210 3401 1258 3455 IV.
1268 3405 1309 3454 st.

185 3488 220 3543 A.
241 3488 297 3554 8.),
316 3487 345 3541 in
363 3507 416 3559 qua
433 3489 577 3559 Neptunus
599 3487 672 3558 pisce
696 3495 724 3542 et
747 3488 865 3541 caduceo
890 3488 1025 3556 designari
1050 3489 1210 3557 putabatur,
1231 3507 1312 3559 quam

133 3628 137 3635 ,
184 3573 326 3629 Michaelis
344 3593 408 3627 aun.
431 3577 495 3626 1859
513 3592 541 3645 p.
562 3578 594 3626 60
613 3592 672 3644 sqq.
693 3592 725 3627 ex
744 3574 795 3627 hoc
817 3592 929 3628 numero
948 3575 1049 3638 reiecit,
1071 3592 1159 3644 neque
1177 3574 1212 3627 ad
1230 3575 1310 3628 ollam

184 3677 271 3732 prope
294 3659 416 3715 Clusium
437 3668 570 3731 repertam
592 3661 644 3727 (ed.
664 3661 737 3713 arch.
762 3667 816 3729 atg.
839 3662 899 3712 1851
927 3661 975 3714 tas.
1003 3659 1118 3712 XXVII.
1140 3664 1188 3725 2.),
1208 3662 1236 3713 iu
1259 3677 1312 3730 qua

76 3764 78 3769 ·
183 3746 307 3817 Neptuni
325 3746 412 3816 figura
430 3765 445 3800 a
463 3746 586 3800 sollemni
609 3747 719 3799 omniuo
744 3747 872 3799 recedens
895 3745 1058 3817 conspicitur
1079 3746 1122 3810 (cf.
1144 3746 1174 3800 C.
1195 3747 1230 3799 R.
1247 3748 1311 3798 1866

183 3850 210 3904 p.
231 3835 279 3898 93;
305 3832 368 3900 0v.,
388 3832 425 3886 K.
445 3851 482 3885 m.
501 3832 539 3885 ΙΙ.
559 3851 587 3903 p.
608 3836 678 3897 260).
716 3832 841 3886 Ceterum
859 3831 940 3884 etiam
965 3830 1096 3884 nonnulla
1119 3850 1183 3887 vasa
1207 3831 1311 3885 inedita

182 3926 295 3990 propter
311 3927 430 3983 tenuem,
451 3936 519 3990 quae
537 3919 572 3973 sd
590 3936 699 3973 manum
722 3926 793 3982 erat,
814 3917 1023 3987 descriptionem
1047 3917 1074 3970 in
1098 3918 1170 3971 hunc
1194 3916 1311 3970 iudicem

181 4020 239 4059 uon
257 4004 419 4069 rettulimus,
439 4022 507 4074 quae
524 4004 568 4058 hic
586 4004 776 4075 reperiuntur:
799 4008 821 4056 1.
842 4003 909 4057 bull.
932 4006 996 4055 18111
1014 4021 1041 4073 p.
1057 4006 1099 4056 53.
1123 4007 1147 4055 1.
1162 4002 1228 4056 bull.
1246 4004 1308 4054 1851

181 4107 208 4161 p.
231 4090 483 4146 71=srchaua
506 4093 566 4143 1851
595 4110 621 4162 p.
643 4094 685 4143 46.
723 4094 747 4142 3,
768 4090 834 4143 bull.
858 4091 920 4141 1811
943 4106 969 4159 p.
1000 4091 1047 4142 139
1072 4108 1128 4160 sq.;
1158 4107 1182 4142 a.
1210 4088 1236 4141 d.
1257 4087 1309 4141 III.

180 4192 209 4247 p.
234 4164 290 4230 tos'
309 4194 350 4248 sq.
392 4181 418 4229 4.
438 4176 510 4231 arch.
537 4194 596 4229 aua.
627 4177 690 4227 1856
712 4193 737 4245 p.
760 4178 825 4228 247*
847 4192 903 4244 sqq.
931 4177 1044 4228 110399.
1077 4179 1101 4226 5.
1117 4180 1141 4228 6.
1162 4173 1244 4226 CIV.
1259 4176 1307 4237 45;

181 4260 233 4315 XI.
258 4264 301 4315 85.
