2986 4912
673 293 714 355 29

132 462 244 527 decore
274 473 401 540 carent3
436 483 512 526 nam
540 472 573 526 et
599 462 730 527 fasciam
765 461 853 547 (Ὅ.)
888 473 919 526 et
947 484 1096 538 coronam
1125 464 1192 550 (Ο)
1227 476 1259 530 et

133 573 280 634 diadema
302 570 474 634 denticulis
490 570 677 634 distinctum
705 571 769 656 (U.)
799 571 946 652 singulae
968 581 1093 635 tantum
1116 575 1258 656 picturae
1286 554 1289 559 ⁵

131 681 298 764 praebent.
332 678 550 742 Consentiunt
562 678 733 760 imagines,
750 699 830 761 quas
846 678 1057 757 seiunximus,
1075 701 1149 742 cum
1163 681 1258 744 modo

67 828 73 847 ι
130 788 298 872 descriptis
322 809 371 863 eo,
396 788 481 870 quod
504 796 537 849 et
558 786 646 870 ipsae
669 808 735 848 una
749 797 883 871 excepta
911 785 977 872 (R.)
1005 787 1176 871 longorum
1195 789 1256 851 cri-

130 896 224 958 nium
246 896 423 958 ostendunt
444 894 610 971 habitum,
642 894 699 957 sed
720 895 776 970 ita,
808 905 845 956 ut
870 905 966 978 caput
988 905 1103 958 ornatu
1125 897 1257 961 omnino

132 1026 242 1067 carens
258 1002 358 1066 rarius
382 1003 443 1084 (H.
461 1001 504 1063 Ν.
523 1001 606 1078 GG3
631 1001 717 1064 *OQ
729 999 756 1085 l)
777 1022 874 1084 quarn
889 1000 988 1066 fascia
1009 1003 1057 1085 [C.
1074 1004 1121 1066 Μ.
1140 1004 1181 1070 Q.
1199 1004 1251 1088 R.)

132 1111 200 1173 sive
216 1133 333 1173 corona
353 1110 407 1192 (Pl
430 1108 508 1172 ER?
531 1109 580 1170 *N
585 1111 602 1194 )
631 1109 772 1171 cinctum
788 1120 942 1173 occurrat.
971 1111 1181 1174 Memorabile
1198 1122 1257 1189 est,

131 1219 229 1281 etiam
251 1218 367 1280 bacin
390 1240 423 1280 re
448 1238 500 1280 eas
523 1217 753 1279 recentioribus
770 1218 1026 1302 appropinquare
1048 1219 1255 1302 imaginibus.

131 1327 183 1389 De
203 1326 252 1388 eis
274 1325 385 1409 figuris
408 1325 566 1407 denique,
591 1347 670 1406 quas
693 1345 790 1407 supra
812 1325 991 1409 singulares
1014 1348 1083 1389 esse
1105 1327 1256 1404 vidimus,

130 1456 208 1496 mox
229 1433 350 1516 aliquid
373 1432 563 1515 exquisitius
587 1433 692 1495 dicere
714 1432 910 1496 conabimur.

219 1543 360 1608 Quaerat
380 1541 513 1603 fortasse
535 1539 706 1624 quispiam,
732 1551 890 1623 quatenus
913 1542 963 1604 his
985 1542 1181 1624 imaginibus
1200 1546 1259 1606 an'-

130 1649 216 1733 tiqui
237 1650 374 1733 pictores
396 1649 543 1732 Neptuni
564 1648 628 1710 vim
651 1658 684 1710 et
706 1659 853 1712 naturam
867 1649 1008 1732 amplexi
1024 1651 1098 1727 sint,
1124 1651 1258 1733 quibus-

129 1780 195 1841 que
216 1759 312 1820 rebus
335 1755 508 1831 effecerint,
537 1765 574 1817 ut
596 1755 716 1839 species
739 1757 792 1819 dei
814 1779 887 1819 oum
909 1779 1045 1840 persona
1068 1759 1256 1822 consentiat.

131 1865 226 1928 Talia
247 1864 412 1948 quaerenti
435 1864 695 1946 respondendum
717 1885 786 1926 esse
808 1865 946 1941 videtur,
974 1865 1098 1947 figuris,
1123 1867 1163 1928 de
1186 1866 1258 1947 qui-

130 1974 194 2036 bus
216 1995 304 2035 nunc
325 1971 499 2054 loquimur,
530 1981 654 2054 praeter
675 1970 828 2034 attributa
855 1972 986 2035 omnino
1010 1972 1093 2035 nihil
1114 1974 1258 2036 additum

40 2106 48 2113 ·
130 2102 221 2157 esse,
252 2104 315 2163 quo
344 2081 427 2142 inter
453 2089 573 2141 ceteros
597 2079 739 2140 eiusdem
769 2079 898 2142 habitus
922 2079 1090 2143 excellant.
1137 2081 1179 2143 Et
1201 2082 1259 2144 ab·

130 2189 254 2251 undare
283 2188 414 2270 quidem
443 2187 540 2249 huius
569 2185 695 2269 generis
724 2186 863 2269 picturas
890 2187 1002 2269 figuris
1030 2188 1136 2270 longis
1160 2189 1258 2251 vesti-

129 2296 250 2358 mentis
279 2307 311 2358 et
338 2295 464 2377 ingenti
487 2295 585 2356 barba
613 2293 792 2376 capilloque
822 2294 992 2377 praeditis,
1017 2296 1093 2358 satis
1121 2306 1256 2373 constat,

130 2426 207 2467 cum
229 2404 348 2487 optime
371 2403 426 2466 tali
448 2403 543 2464 modo
566 2401 735 2464 vaseularii
758 2401 873 2465 Graeci
902 2424 977 2465 cum
998 2403 1168 2465 hominurn
1190 2414 1259 2466 tum

131 2513 266 2575 deorum
287 2512 477 2594 dignitatern
500 2510 636 2594 exprimi
657 2531 751 2594 posse
774 2520 934 2594 putarent.
972 2512 1053 2580 Quis
1075 2511 1175 2594 igitur
1197 2522 1256 2588 est,

131 2619 191 2703 qui
218 2620 408 2703 Neptunum
436 2598 639 2702 agnosceret,
670 2618 735 2679 uisi
763 2617 900 2680 tridente
927 2618 1138 2681 indicaretur?
1177 2619 1258 2686 Quis

133 2737 200 2805 est,
231 2727 288 2810 qui
310 2729 408 2790 deum
433 2725 594 2789 attributis
623 2726 749 2787 omissis
772 2747 790 2788 a
812 2725 962 2802 Iovibus,
994 2726 1146 2801 Bacchis,
1171 2727 1259 2790 Mer-

134 2835 231 2898 curiis
253 2837 432 2898 discernere
455 2833 580 2919 posset?
618 2833 660 2895 Et
689 2833 750 2894 hoc
771 2833 903 2915 quidem
931 2835 972 2897 ad
999 2835 1137 2918 priscam
1159 2845 1259 2899 artem

137 2943 339 3006 iudicandam
370 2942 503 3006 maximi
530 2940 686 3005 momenti
716 2962 784 3003 esse
814 2941 959 3003 arbitror.
1007 2941 1149 3005 Omnino
1173 2943 1260 3006 enim

138 3060 281 3134 apertum
310 3061 375 3126 est,
406 3072 476 3113 earn
505 3049 648 3112 noudum
680 3048 741 3111 sibi
770 3049 930 3112 consciam
955 3049 1073 3117 fuisse.
1107 3071 1187 3132 quae
1218 3050 1259 3114 sit

135 3168 266 3241 optuma
289 3158 341 3220 dei
363 3159 496 3242 specieS,
521 3179 603 3240 quae
626 3157 656 3218 ei
678 3156 735 3218 uni
752 3157 930 3220 conveniat.
968 3158 1041 3223 Quo
1064 3157 1257 3236 factumest,

132 3267 227 3329 utin
249 3267 433 3328 varietatem
454 3265 555 3341 illam,
580 3286 677 3347 quarn
697 3286 791 3347 saepe
807 3266 1001 3340 notavimus,
1026 3265 1137 3341 abiret,
1161 3267 1259 3328 nimi-

132 3395 206 3437 rum
229 3395 304 3436 cum
325 3395 392 3436 non
414 3373 557 3449 haberet,
585 3394 648 3455 quo
672 3373 869 3435 consisteret.
895 3373 968 3436 Hoc
991 3372 1078 3435 enirn
1093 3374 1260 3457 proprium

132 3492 183 3544 est
205 3482 281 3545 artis
296 3483 440 3545 nondum
459 3480 617 3554 excultae,
643 3481 730 3561 quod
751 3480 870 3562 passim
886 3481 1059 3564 experitur,
1084 3481 1161 3563 quid
1184 3504 1258 3565 pos-

132 3590 187 3665 sit,
213 3590 429 3670 singularibus
452 3610 547 3672 saepe
569 3587 714 3650 creandis
736 3588 865 3671 figuris,
890 3610 968 3670 quas
991 3588 1171 3671 relinquere
1193 3612 1260 3651 nou

131 3696 271 3772 dubitat,
295 3697 487 3780 simulatque
509 3718 547 3759 ea
569 3695 690 3779 species
711 3694 844 3758 inventa
858 3705 918 3769 est,
943 3716 1024 3777 quae
1039 3696 1124 3761 inter
1139 3707 1259 3761 ceteras

132 3803 290 3866 excellere
319 3804 476 3868 videatur.
521 3805 628 3886 Atque
660 3801 744 3865 hanc
773 3803 914 3887 speeiem
946 3824 1016 3865 earn
1045 3824 1131 3879 esse,
1166 3802 1259 3863 cuius

131 3912 282 3995 exempla
303 3912 368 3974 iam
389 3933 484 3994 saepe
506 3910 719 3986 laudavimus,
743 3909 886 3992 profecto
908 3910 1080 3973 verisimile
1103 3920 1162 3984 est,
1186 3930 1261 3971 cum

133 4030 264 4102 propter
285 4041 439 4102 magnum
461 4040 632 4081 numerum
660 4019 754 4081 nobis
784 4028 965 4093 servatum,
993 4028 1063 4080 tum
1085 4015 1161 4098 quia
1182 4016 1261 4078 haee

134 4126 202 4190 sola
232 4127 425 4209 pictoribus,
458 4126 513 4208 qui
542 4126 648 4189 rubris
676 4126 788 4209 liguris
817 4146 892 4187 vasa
921 4126 1130 4198 decorabant,
1163 4124 1262 4205 digna

135 4256 204 4299 esse
226 4235 294 4297 visa
316 4244 375 4309 est,
400 4255 497 4316 quam
512 4255 551 4297 ex
567 4234 790 4315 antiquissima
804 4243 870 4296 arte
888 4244 1049 4315 receptam
1065 4231 1259 4295 excolerent.
