2986 4912
729 313 768 376 35

181 484 351 568 quispiam,
376 485 465 548 hunc
486 485 649 570 duplicem
671 487 723 549 dei
746 495 857 568 typum
880 485 920 547 ad
939 485 1036 549 maris
1066 485 1131 549 vim
1154 497 1187 550 et
1208 496 1304 550 natu-

182 615 250 656 ram
275 596 490 657 revocandum
519 615 588 658 esse
610 594 728 670 videri,
760 594 835 676 quia
864 594 960 656 maris
994 595 1089 656 modo
1122 594 1306 684 tranquilli-

182 711 247 763 tate
269 703 363 764 modo
386 703 550 767 atrocitate
571 703 741 765 hominum
763 701 887 765 animos
909 703 1048 765 maxime
1077 704 1200 766 moveri
1230 725 1308 768 cou-

184 818 256 884 stet,
280 794 328 873 ita
340 819 377 872 ut
392 810 566 894 Neptunus
582 809 726 892 placidus
742 809 926 892 tranquillo,
945 812 1043 874 atroci
1064 812 1143 875 mari
1160 811 1308 875 turbidus

183 918 384 999 respondeat.
432 919 527 984 Quod
550 918 610 981 etsi
632 919 769 983 artifices
798 919 834 980 in
855 917 908 982 dei
930 919 1033 1002 figura
1055 919 1208 1003 fingenda
1223 941 1308 982 sem-

184 1044 241 1105 per
274 1025 453 1108 respexisse
490 1026 545 1087 vix
571 1004 770 1102 crediderim,
794 1036 902 1090 tamen
934 1027 974 1088 ad
1007 1025 1066 1088 hos
1089 1035 1181 1110 typos
1216 1028 1308 1090 certis

184 1132 370 1196 nominibus
393 1133 639 1224 distinguendos
668 1155 733 1196 uon
763 1133 906 1197 alienum
935 1134 1062 1197 videtur
1090 1135 1150 1197 hac
1181 1157 1310 1218 compa-

185 1239 307 1302 ratione
330 1242 388 1304 uti.

270 1375 318 1437 Ac
346 1365 485 1458 primum
522 1375 652 1458 quidem
685 1375 877 1458 Neptunum
910 1374 1092 1458 placidum,
1123 1376 1216 1440 cuius
1254 1389 1310 1441 aut

186 1483 292 1565 quiete
326 1485 459 1546 astantis
496 1493 552 1546 aut
585 1484 701 1546 leniter
736 1483 911 1566 gradientis
940 1493 995 1547 aut
1024 1485 1165 1547 sedentis
1197 1495 1308 1548 extant

186 1590 360 1674 imagines,
388 1591 494 1675 longis
524 1590 723 1654 vestimentis
747 1590 903 1673 vultuque
933 1613 1045 1654 sereno
1074 1591 1208 1654 induere
1238 1591 1311 1674 quis

187 1708 247 1773 est,
272 1699 350 1780 quin
373 1700 575 1782 aptissimum
599 1720 668 1761 esse
691 1697 840 1763 censeat?
863 1700 947 1762 Sunt
968 1699 1024 1782 qui
1046 1699 1175 1762 tunicae
1195 1698 1312 1783 longae
1358 1751 1361 1756 ,

187 1804 341 1887 palliique
363 1807 516 1870 vestitum
538 1808 578 1869 ad
600 1806 717 1869 Ionum
731 1806 878 1871 habiturn
900 1817 1097 1883 revocantes,
1121 1807 1312 1890 Neptunum

186 1911 329 1974 ionicum
352 1913 397 1977 ita
418 1924 692 1997 repraesentatum
707 1936 776 1977 esse
792 1916 976 1997 putaverint
985 1917 1036 2000 ⁷⁴¹).
1076 1915 1222 1981 Quorum
1237 1937 1312 1978 sen·
1410 1908 1414 1919 '

188 2021 288 2083 tentia
318 2043 394 2084 sane
416 2021 532 2099 habet,
565 2044 628 2105 quo
650 2017 850 2087 defendatur.
905 2022 1090 2106 Insequitur
1113 2024 1200 2086 enim
1232 2023 1312 2086 deus

189 2127 245 2190 tali
266 2131 361 2191 modo
383 2130 518 2194 vestitus
540 2130 575 2192 in
598 2130 723 2194 duabus
745 2129 880 2212 picturis
903 2129 1034 2195 vasariis
1062 2129 1167 2213 (lm.)
1196 2129 1313 2192 mulie-
1342 2159 1346 2164 ·

188 2257 256 2298 rem
283 2236 481 2320 fugientem,
512 2259 608 2320 quarn
637 2237 792 2301 Aethram
820 2259 890 2301 esse
919 2248 976 2302 aut
997 2239 1128 2301 nomine
1158 2237 1312 2320 inscripto

194 2343 242 2447 (l.)
264 2355 320 2407 aut
342 2345 466 2408 calatho
489 2345 614 2429 adpicto
643 2344 714 2429 (m.)
735 2345 906 2410 indicatur.
953 2345 1023 2409 Iam
1045 2366 1120 2408 cum
1142 2345 1177 2407 in
1197 2344 1312 2408 huius-

189 2453 275 2514 modi
308 2453 441 2535 picturis
475 2454 649 2537 Neptunus
689 2453 791 2515 obiter
825 2453 960 2516 amictus
994 2475 1159 2516 occurrere
1200 2451 1310 2528 soleat,

190 2561 344 2642 pictores,
377 2571 414 2623 ut
435 2561 604 2646 longarum
626 2561 765 2624 vestium
793 2561 939 2625 habitum
961 2561 1153 2638 retinerent,
1183 2560 1311 2624 fabulae

188 2691 329 2754 genere,¹
344 2691 424 2751 quae
447 2679 513 2733 tcta
535 2670 639 2733 ionica
660 2679 719 2746 est,
745 2670 896 2733 commoti
917 2690 987 2732 esse
1009 2668 1169 2733 videntur.
1200 2668 1313 2733 Paullo

191 2797 282 2839 secus
305 2778 503 2840 censendum
525 2786 573 2838 est
595 2778 634 2840 de
657 2777 782 2860 pictura
803 2776 879 2861 (re),
898 2798 984 2858 quae,
1002 2776 1149 2860 Neptuni
1171 2787 1203 2840 et
1217 2777 1314 2860 Poly-

189 2885 282 2947 botae
305 2905 449 2969 pugnam
470 2884 612 2968 praebet,
637 2884 694 2948 ubi
714 2885 836 2973 pictor,
862 2905 937 2947 cum
958 2884 1070 2969 longas
1093 2895 1197 2948 vestes
1220 2884 1314 2950 fabu-

190 2989 238 3054 lae
260 3013 377 3075 genere
400 3015 466 3055 non
489 3001 616 3055 coactus
638 2993 802 3077 pingeret,
827 2993 861 3054 id
884 2993 987 3076 egisse
1009 2993 1147 3069 videtur,
1172 3001 1208 3054 ut
1230 2992 1314 3055 ioui-

191 3121 265 3162 cum
287 3101 384 3164 deum
406 3123 425 3163 a
440 3121 474 3164 se
489 3109 763 3184 repraesentatum
775 3121 844 3163 esse
859 3098 977 3163 diserte
991 3101 1156 3163 indicaret.
1195 3100 1314 3163 Vereor

192 3217 311 3284 tamen,
330 3231 377 3272 -ne
399 3231 509 3271 omnes
531 3208 629 3271 huius
651 3207 777 3292 generis
799 3207 940 3291 picturas
962 3207 1002 3270 ad
1024 3207 1214 3290 Neptunum
1229 3207 1315 3270 ioni-

191 3336 264 3378 cum
287 3314 460 3378 referentes
484 3336 502 3375 a
524 3337 599 3378 vero
621 3315 863 3398 aberremus75).
912 3316 1000 3383 Quid
1014 3316 1100 3397 quod
1122 3337 1199 3378 vasa
1213 3315 1314 3397 nigris

191 3423 303 3508 figuris
326 3431 436 3486 ornata
458 3422 554 3486 deum
576 3422 673 3507 longa
695 3423 824 3507 quidem
846 3445 906 3486 nec
928 3444 1002 3486 vero
1024 3421 1130 3484 ionica
1152 3433 1240 3485 veste
1262 3421 1315 3483 in-

190 3532 306 3593 dutum
327 3528 523 3594 ostendunt?
552 3530 661 3597 Quare
686 3530 811 3614 placido
833 3531 910 3605 dee,
947 3549 1042 3613 quem
1069 3529 1212 3592 ionicum
1242 3527 1315 3591 ideo

260 3853 300 3916 74)
323 3847 454 3916 Visconti,
474 3866 542 3902 mus.
562 3846 641 3919 piocl.
661 3847 709 3902 IV.
728 3865 756 3917 p.
776 3850 805 3900 61
828 3865 885 3917 rq.;
909 3846 1058 3916 Boertigen
1080 3847 1117 3901 id.
1138 3865 1160 3900 a.
1182 3848 1208 3900 k.
1224 3866 1258 3901 m.
1274 3848 1312 3902 11.

190 3953 216 4007 p.
238 3940 300 4002 3443
321 3936 435 4000 Preller‚¹
452 3934 538 4006 Pauly
556 3935 679 3988 R.-Euc.
700 3933 733 3986 V.
755 3935 777 3984 1.
798 3949 825 4002 p.
846 3935 905 3984 564.

260 4027 301 4089 tt)
323 4021 409 4077 Simili
427 4021 572 4092 prudentia
598 4038 662 4075 usus
680 4027 722 4073 est
739 4018 879 4082 Pauoflra,
899 4035 960 4072 cum
979 4019 1008 4071 in
1026 4019 1133 4082 libello,
1154 4018 1200 4088 qui
1218 4019 1315 4072 inscri-

191 4109 265 4162 bitur
283 4109 429 4162 nPoseidou
448 4107 570 4162 Basileus
594 4107 651 4161 und
668 4107 775 4161 Athene
799 4104 951 4169 Sthenius«,
976 4105 1125 4174 periculum
1147 4104 1265 4167 laceret,
1285 4113 1316 4157 ut

190 4196 346 4263 imaginum,
361 4196 395 4248 de
413 4194 510 4264 quibus
529 4193 672 4264 loquimur,
693 4201 797 4263 partem
810 4192 940 4261 Neptuno
958 4192 1016 4259 regi
1035 4191 1192 4245 vindicaret.
1214 4191 1248 4243 cl.
1263 4190 1281 4244 l.
1296 4190 1314 4242 l.

193 4299 221 4351 p.
244 4284 282 4332 ll.
696 4276 700 4285 '

1074 4379 1112 4431 3*
