2986 4912
685 307 723 367 21

147 480 299 544 distincto
321 479 379 563 (e.)
401 482 585 542 decoratum
608 479 789 540 ostendant.
826 478 994 545 Quatenus
1018 479 1081 542 huc
1098 481 1282 562 pertineant

146 589 290 671 picturae
320 587 462 651 ineditae
500 585 564 669 (*a.
588 583 637 647 *c
651 586 698 648 *e
713 585 763 668 *g.
778 585 830 647 *h.
845 583 904 648 *m
922 585 969 648 *0.
985 588 1036 670 *p
1056 586 1105 669 *q
1127 586 1167 650 *t
1192 587 1241 652 *u.
1253 592 1279 673 ),

146 717 213 758 non
229 704 327 777 patet.
376 696 414 756 ln
439 694 556 777 quibus
581 692 799 755 describendis
823 715 886 776 quo
916 693 985 755 iure
1016 694 1129 776 capitis
1150 706 1281 760 ornatus

147 802 280 865 omnino
322 802 451 864 silentio
495 799 779 884 praetermittatur,
822 801 968 882 quamvis
1006 801 1175 865 diiudicari
1214 826 1280 867 non

146 911 266 996 possit,
297 919 407 974 tamen
437 910 499 972 hoc
527 907 735 991 descriptioni
767 908 871 970 obiter
892 909 995 973 factae
1017 909 1189 973 attribuere
1211 933 1281 976 ma-

144 1019 223 1095 lim,
249 1040 344 1100 quam
374 1019 527 1093 credere,
563 1017 615 1092 id,
653 1017 739 1099 quod
769 1038 856 1078 nunc
886 1015 921 1078 in
948 1016 1063 1079 oculos
1096 1038 1199 1100 paene
1228 1019 1281 1081 in-

148 1126 258 1202 currit,
291 1125 442 1188 sustineri
472 1146 539 1187 non
568 1146 675 1207 posse.
728 1123 961 1207 Exspectemus
998 1124 1097 1208 igitur
1125 1135 1278 1209 tempora,

147 1234 265 1317 quibus
288 1233 434 1316 picturae
458 1232 532 1295 illae
555 1232 590 1295 in
612 1232 718 1295 lucem
741 1231 882 1314 prolatae
909 1254 968 1295 nos
1002 1242 1059 1297 aut
1087 1233 1281 1297 adiutabunt

146 1351 204 1407 aut
224 1340 383 1404 refellant.

232 1448 363 1530 Duplex
396 1447 535 1510 crinium
566 1456 623 1510 aut
657 1448 829 1531 longorum
863 1456 920 1509 aut
952 1447 1098 1511 brevium
1135 1449 1277 1526 habitus,

146 1578 242 1638 quem
271 1556 377 1619 adbuc
399 1555 603 1630 invenimuS,
629 1553 820 1639 anaglyphis
853 1554 1060 1636 nummisque
1090 1556 1277 1619 affirmatur.

144 1664 252 1746 Atque
282 1664 316 1724 in
349 1663 513 1746 prioribus
541 1662 672 1744 quidem
703 1664 849 1743 quamvis
875 1663 1044 1746 perspicue
1078 1664 1184 1727 doceri
1213 1687 1280 1728 non

145 1771 259 1855 possit,
283 1771 418 1855 longum
449 1769 602 1852 capillum
630 1769 731 1853 (4.5.)
770 1769 1018 1852 antiquioribus,
1049 1772 1279 1836 recentioribus

144 1880 276 1942 brevem
304 1878 342 1958 (2.
361 1886 389 1940 3.
406 1881 447 1960 6.)
482 1877 585 1958 magis
613 1876 778 1960 proprium
812 1898 892 1954 esse,
925 1887 1033 1941 tamen
1062 1880 1123 1942 hoc
1152 1903 1171 1943 a
1200 1865 1276 1943 vero

145 1987 292 2069 proxime
314 1987 425 2049 abesse
449 1985 584 2047 videtur.
632 1984 753 2046 Mirum
776 1984 876 2048 videri
900 1986 1003 2068 possit
1026 1986 1185 2070 cuipiam,
1218 1986 1279 2050 cri-

146 2115 221 2157 nem
243 2115 372 2176 prorsus
395 2092 487 2156 aliter
509 2102 606 2175 atque
635 2093 669 2154 in
692 2093 775 2154 vasis
791 2092 884 2174 pictis
909 2095 1129 2178 eognovimus,
1155 2096 1189 2157 in
1218 2118 1277 2159 no-

148 2203 224 2265 dum
254 2201 396 2285 colligari
434 2200 472 2281 (3.
493 2207 522 2261 4.
543 2202 601 2284 6.).
656 2199 726 2262 Nec
755 2221 890 2282 usquam
924 2201 1001 2264 alibi
1032 2203 1092 2265 hoc
1127 2203 1274 2279 occurrit,

151 2311 234 2391 quod
262 2318 386 2392 praeter
415 2310 538 2370 nodum
566 2307 659 2369 illum
689 2307 798 2391 capilli
827 2308 944 2391 prolixi
971 2309 1007 2371 in
1037 2312 1191 2373 cervicem
1221 2312 1278 2374 de-

151 2414 255 2479 fluunt
283 2416 351 2500 (4.).
392 2417 484 2478 Haec
495 2436 689 2498 quamquam
712 2415 804 2478 aliter
824 2437 857 2478 se
871 2415 1004 2493 habent,
1023 2426 1131 2480 tamen
1147 2419 1278 2481 omnino

148 2523 400 2607 adpicturarum
436 2523 682 2586 similitudinem
718 2522 888 2585 cincinnus
927 2524 1099 2606 singularis
1130 2526 1168 2587 ab
1202 2548 1278 2589 aure

147 2652 246 2714 supra
267 2653 414 2693 tuncrum
437 2631 588 2714 delapsus
604 2630 800 2715 conspicitur
829 2631 866 2713 (2.
890 2639 916 2693 3.
938 2639 967 2692 4.
988 2633 1045 2714 5.).
1093 2633 1199 2716 Caput
1220 2636 1277 2697 de-

146 2738 259 2820 nique,
276 2749 334 2802 aut
355 2738 455 2802 fascia
483 2738 525 2820 (2.
541 2741 582 2822 5.)
610 2749 667 2801 aut
689 2760 805 2801 corona
827 2738 885 2823 (3.)
907 2739 1061 2816 cinctum,
1080 2751 1195 2804 ornatu
1210 2764 1277 2804 raro

146 2866 254 2911 carere
284 2834 322 2926 (d.
341 2846 389 2930 di)
418 2845 557 2908 videtur.

234 2954 273 3015 In
288 2953 431 3016 nummis
454 2955 570 3017 deinde
593 2953 829 3035 antiquioribus
852 2955 968 3037 prolixi
984 2956 1090 3039 capilli
1106 2956 1277 3020 sollemnes

148 3082 218 3126 esse
252 3061 420 3137 videntur,
457 3063 513 3143 qni
545 3062 633 3125 haud
661 3083 730 3124 raro
760 3061 795 3122 in
832 3062 945 3144 longos
982 3063 1150 3126 cincinnos
1184 3065 1279 3127 divisi

151 3168 190 3254 (γ.
208 3173 237 3232 λ.
258 3193 284 3254 p.
303 3165 339 3254 ρ’.
359 3165 395 3233 o'.
415 3192 441 3232 τ.
460 3194 491 3254 χ.
509 3164 563 3255 χ’.)
583 3172 617 3252 ⁶³)
652 3169 686 3230 in
720 3190 847 3231 umeros
888 3179 1078 3253 tergumque
1109 3171 1271 3233 decidunt.

144 3277 282 3339 Brevior
318 3287 425 3339 autem
455 3277 568 3353 criniS,
602 3277 657 3358 qui
680 3277 779 3339 semel
815 3278 872 3359 (a.)
901 3280 941 3340 ad
970 3280 1113 3360 picturae
1136 3279 1277 3343 vasariae

150 3384 213 3467 (h.)
242 3384 486 3448 similitudinem
509 3385 544 3445 in
558 3385 763 3447 brevissimos
787 3385 953 3447 cincinnos
984 3387 1093 3448 exiens
1117 3388 1276 3471 conspici-

142 3500 217 3569 tur,
252 3493 288 3555 in
322 3491 368 3554 eis
396 3492 538 3554 nummis
567 3491 787 3555 increbescere
820 3494 965 3568 videtur,
1002 3494 1057 3575 qui
1090 3496 1276 3558 recentioris

144 3601 262 3665 aetatis
292 3601 427 3684 vestigia
449 3622 525 3683 prae
548 3621 582 3662 se
604 3599 714 3662 ferunt
735 3599 765 3680 (ι.
786 3596 816 3662 ι’.
834 3595 875 3662 π’.
895 3624 919 3662 ν.
940 3603 962 3670 Ε.
982 3626 1008 3662 ο.
1029 3626 1056 3663 υ.
1075 3627 1107 3686 φ.
1126 3609 1158 3687 ψ.
1177 3629 1211 3665 ω.
1230 3606 1270 3685 ς.)

145 3708 297 3786 Nummi,
315 3707 371 3790 qui
391 3718 564 3788 utrumque
584 3709 755 3771 ostendant
776 3708 923 3771 habitum
952 3707 989 3787 (α.
1010 3733 1037 3791 γ.
1056 3710 1117 3791 a),
1142 3711 1275 3773 rariores

145 3825 237 3881 sunt.
292 3816 399 3898 Caput
420 3824 529 3878 utrum
552 3824 700 3878 ornatum
730 3816 889 3897 quendam
918 3814 1036 3879 habeat
1060 3838 1180 3892 necne,
1205 3818 1276 3901 ple-

150 3940 164 3979 e

62 4122 66 4131 ·
142 4091 264 4162 tempori
282 4091 472 4146 ascribendum
490 4092 534 4154 sit,
554 4097 582 4143 et
600 4091 706 4144 Caerite
724 4098 861 4160 repertum
879 4089 1002 4158 efigliua
1014 4090 1131 4159 Magnae
1144 4089 1275 4146 Graeciae

143 4176 255 4235 Graeco
272 4177 383 4246 iugenio
402 4185 509 4231 carente
527 4175 657 4246 prodiisse
676 4177 806 4229 videatur.

219 4266 262 4329 63)
282 4263 395 4333 Virgula
406 4264 527 4335 apposita
540 4281 710 4317 nummorum
722 4263 876 4317 incusorum
889 4280 995 4317 aversas
1008 4270 1097 4334 partes
1111 4265 1272 4326 notavimus.
