2986 4912
726 307 766 368 36

180 498 247 540 non
269 499 394 561 semper
408 478 617 552 nominarim,
650 476 819 561 longarum
842 479 980 542 vestium
1001 480 1150 543 habitum
1172 481 1305 542 in'uni-

181 607 310 651 versum
332 587 502 650 convenire
525 586 669 649 arbitror.
1135 581 1138 592 '

173 709 174 712 ’
265 713 391 775 Deinde
420 712 628 795 Neptunum,
661 731 757 792 quem
788 711 955 801 turbidum
986 712 1091 776 dicere
1120 713 1231 787 liceat,
1267 712 1308 775 ab

97 840 101 853 ·
181 818 355 890 artificibus
377 821 516 903 graviter
539 840 663 902 semper
687 828 881 882 commotum
903 830 935 883 et
965 841 1113 903 corpore,
1147 831 1307 904 quantum

181 927 251 994 fieri
271 927 388 1009 potuit,
413 928 500 990 n'udo
523 937 796 1011 repraesentatum
818 949 908 1003 esse,
935 950 1031 1012 supra
1053 929 1307 1011 demonstratum
1420 946 1423 951 ·

182 1045 255 1097 est.
288 1037 393 1101 Quem
414 1045 529 1118 typum
551 1035 731 1098 doriensem
754 1057 834 1112 esse,
860 1035 1028 1099 contendit
1048 1035 1208 1099 Prellerus
1226 1035 1249 1097 l.
1268 1035 1305 1110 l.‚

182 1143 324 1205 nummis
347 1152 524 1206 commotus
548 1143 738 1206 Posidoniae
761 1143 861 1220 urbia,
887 1165 983 1225 quam
1005 1144 1160 1207 doriensis
1176 1143 1309 1228 originis
1347 1143 1383 1198 ‚⁸

135 1254 143 1283 ²
183 1272 251 1313 esse
273 1251 457 1313 testimonia
479 1252 613 1326 adsunt,
638 1272 719 1332 quae
743 1253 949 1335 comprobare
979 1251 1208 1336 videanturffl).
1266 1252 1311 1313 At
1340 1331 1342 1334 .

183 1359 254 1440 quis
278 1369 343 1435 est,
375 1359 455 1440 quin
476 1359 624 1441 ineptum
647 1379 715 1421 esse
738 1370 885 1436 censeat,
920 1358 1060 1422 furorem
1088 1370 1121 1421 et
1141 1359 1311 1444 perturba-

182 1465 302 1529 tionem
332 1468 371 1529 ab
402 1466 507 1529 ionico
534 1466 689 1549 Neptuno
713 1466 850 1535 alienam
882 1465 1027 1530 credere?
1058 1468 1153 1534 Quod
1181 1468 1208 1530 si
1236 1467 1310 1550 quis

98 1620 101 1638 .
183 1574 262 1636 mihi
285 1574 442 1650 concedit,
467 1595 533 1635 non
555 1574 727 1658 intellego,
754 1597 816 1657 quo
839 1575 908 1638 iure
931 1575 1010 1638 alter
1032 1576 1083 1638 dei
1106 1586 1202 1659 typus
1224 1575 1311 1638 ioni-

183 1705 238 1745 cae
261 1684 320 1746 arti
343 1683 473 1749 omnino
496 1681 671 1745 abdicatur.

269 1809 371 1870 Immo
401 1831 475 1872 vero
510 1811 586 1873 inde
614 1811 653 1873 ab
690 1809 921 1892 antiquissimis
944 1809 1142 1891 temporibus
1164 1807 1332 1890 Neptuni·

66 1916 71 1926 ⁴
184 1938 258 1978 oum
281 1917 398 2000 placidi
421 1930 491 1980 tum
520 1919 641 1981 turbidi
663 1917 820 2001 imagines
855 1928 886 1978 et
915 1917 1002 1999 apud
1034 1917 1129 1978 Iones
1163 1926 1195 1978 et
1223 1916 1313 2008 apud
1401 1906 1416 1985 f

183 2022 354 2106 Dorienses
377 2026 486 2109 aequis
510 2025 749 2088 conditionibus
778 2023 875 2086 simul
898 2024 1040 2087 excultas
1070 2046 1158 2100 esse,
1188 2045 1207 2085 a
1235 2012 1328 2085 vero¹
1401 2048 1404 2053 ·

183 2134 328 2214 proxime
351 2134 462 2196 abesse
485 2136 621 2199 videtur.
654 2131 758 2199 ·Quid
787 2133 873 2214 quod
902 2132 1114 2194 Parthenonis
1137 2132 1311 2214 Neptunus

183 2246 317 2318 uterque
339 2238 379 2299 ab
402 2259 468 2300 una
490 2241 662 2323 eademque
686 2251 764 2304 arte.
781 2261 951 2322 expressus
980 2241 1030 2322 id,
1064 2241 1150 2322 quod
1179 2240 1217 2302 de
1247 2241 1324 2301 du·-

182 2343 260 2426 plici
283 2345 335 2407 dei
357 2354 472 2409 natura
494 2348 702 2424 coniecimus,
728 2348 867 2412 affirmat
889 2359 922 2411 et
943 2348 1130 2432 comprobat
1138 2346 1149 2408 'l

269 2687 336 2748 Iam
358 2696 466 2763 restat,
492 2698 528 2750 ut
550 2692 661 2771 paucis
685 2690 840 2774 exemplis
868 2712 885 2754 e
908 2690 1001 2773 copia
1022 2689 1208 2753 recentioris
1231 2690 1310 2752 artis

177 2804 467 2887 ¹monumentorum
490 2795 615 2859 selectis
638 2799 829 2881 probemuS,
854 2799 932 2880 quid
955 2797 1127 2861 contulerit
1148 2798 1190 2860 ad
1212 2809 1311 2880 optu-

184 2921 269 2964 mam
291 2901 437 2984 Neptuni
459 2903 594 2989 figuram
617 2908 786 2968 creandam
808 2906 965 2988 posterior
987 2917 1073 2968 aetas
1091 2905 1215 2988 priscae
1231 2907 1309 2969 artis
1375 2911 1387 2921 “

185 3010 408 3074 emolumentis
431 3011 550 3075 adiuta.
1019 3006 1022 3011 ¹

268 3117 316 3179 Ao
338 3118 478 3201 primum
498 3121 627 3201 quidem
644 3121 720 3183 ordo
735 3121 910 3203 figurarum
925 3118 992 3184 solo
1008 3119 1105 3204 pallio
1122 3120 1311 3184 amictarum
1336 3183 1341 3191 ,

184 3228 345 3289 notandus
369 3237 427 3302 est,
453 3249 548 3310 quem
570 3227 716 3290 habitum
738 3227 906 3313 longarum
929 3231 1067 3293 vestium
1083 3229 1311 3293 consuetudini

185 3335 355 3397 succedere
377 3356 473 3419 supra
496 3335 647 3398 diximus.

274 3449 300 3502 1.
327 3442 439 3504 Statua
459 3464 646 3519 marmorea,
672 3464 753 3524 quae
775 3444 918 3508 Dresdae
940 3455 1129 3509 asservatur.
1173 3442 1307 3522 Becker,

184 3550 269 3634 Aug.
295 3549 338 3610 Il.
366 3557 424 3626 403
450 3550 572 3626 Clarae,
597 3572 681 3614 mus.
707 3552 747 3614 de
770 3552 885 3635 sculpt.
912 3553 968 3615 IV.
997 3559 1197 3643 ⁷43·.¹7953
1223 3554 1254 3615 d.
1277 3575 1306 3615 a.

183 3656 216 3718 k.
243 3657 285 3719 Π.
314 3663 363 3718 70.

185 3866 388 3874 W—

254 4004 294 4066 76)
315 4002 350 4056 cf.
365 4001 602 4066 Raoleocbette
614 4002 632 4055 l.
648 4003 665 4056 l.
680 4003 732 4056 ΙΙΙ.
748 4021 793 4073 pp.
809 4005 849 4056 22.
866 4005 930 4070 2453
945 4004 1055 4069 Preller,
1070 4005 1153 4075 myth.
1169 4005 1190 4058 Ι.
1206 4023 1232 4076 p.
1248 4007 1306 4057 ³60.

184 4088 222 4140 At
247 4088 364 4142 ionicum
391 4107 449 4142 esse
476 4089 596 4159 Neptuni
623 4090 725 4142 cultum
752 4089 824 4159 opud
851 4090 1012 4145 Troezenios
1040 4091 1164 4154 obvium,
1193 4098 1308 4144 testetur

184 4173 359 4239 Welckerus,
380 4175 486 4243 gotterl.
508 4177 530 4229 Ι.
550 4195 576 4246 p.
597 4180 654 4229 636.
694 4176 776 4235 Quod
799 4194 833 4229 ne
856 4177 1005 4232 Prellerum
1029 4178 1139 4247 quidem
1157 4177 1241 4245 fugit3
1270 4178 1305 4230 cl.

184 4260 267 4330 myth.
288 4261 311 4313 Ι.
335 4279 359 4330 ρ,
383 4263 439 4314 358.
1009 4277 1014 4283 ’
