<?xml version="1.0" encoding="UTF-8"?>
<!DOCTYPE html PUBLIC "-//W3C//DTD XHTML 1.0 Transitional//EN"
    "http://www.w3.org/TR/xhtml1/DTD/xhtml1-transitional.dtd">
<html xmlns="http://www.w3.org/1999/xhtml" xml:lang="en" lang="en">
 <head>
  <title>
</title>
<meta http-equiv="Content-Type" content="text/html;charset=utf-8" />
  <meta name='ocr-system' content='tesseract 3.04.00' />
  <meta name='ocr-capabilities' content='ocr_page ocr_carea ocr_par ocr_line ocrx_word'/>
</head>
<body>
  <div class='ocr_page' id='page_1' title='image "./deantiquissiman00manigoog_0027.png"; bbox 0 0 2986 4912; ppageno 0'>
   <div class='ocr_carea' id='block_1_1' title="bbox 1256 211 1264 242">
    <p class='ocr_par' dir='ltr' id='par_1_1' title="bbox 1256 211 1264 242">
     <span class='ocr_line' id='line_1_1' title="bbox 1256 211 1264 242; baseline 0 0"><span class='ocrx_word' id='word_1_1' title='bbox 1256 211 1264 242; x_wconf 86' lang='grc' dir='ltr'><em>Ι</em></span> 
     </span>
    </p>
   </div>
   <div class='ocr_carea' id='block_1_2' title="bbox 597 234 769 340">
    <p class='ocr_par' dir='ltr' id='par_1_2' title="bbox 597 234 769 376">
     <span class='ocr_line' id='line_1_2' title="bbox 597 234 769 340; baseline 0.006 -4"><span class='ocrx_word' id='word_1_2' title='bbox 597 234 602 247; x_wconf 34' lang='lat'><em>³</em></span> <span class='ocrx_word' id='word_1_3' title='bbox 662 275 769 340; x_wconf 68' lang='lat'>418</span> 
     </span>
    </p>
   </div>
   <div class='ocr_carea' id='block_1_3' title="bbox 82 445 1313 1288">
    <p class='ocr_par' dir='ltr' id='par_1_3' title="bbox 82 445 1313 967">
     <span class='ocr_line' id='line_1_3' title="bbox 184 445 1311 530; baseline -0.001 -21"><span class='ocrx_word' id='word_1_4' title='bbox 184 446 240 529; x_wconf 89' lang='lat' dir='ltr'>gui</span> <span class='ocrx_word' id='word_1_5' title='bbox 268 445 369 529; x_wconf 78' lang='lat' dir='ltr'>possit</span> <span class='ocrx_word' id='word_1_6' title='bbox 396 483 439 492; x_wconf 93' lang='lat'>-—</span> <span class='ocrx_word' id='word_1_7' title='bbox 468 445 554 527; x_wconf 91' lang='lat' dir='ltr'>quod</span> <span class='ocrx_word' id='word_1_8' title='bbox 584 455 694 528; x_wconf 87' lang='lat' dir='ltr'>postea</span> <span class='ocrx_word' id='word_1_9' title='bbox 722 446 825 527; x_wconf 88' lang='lat' dir='ltr'>magis</span> <span class='ocrx_word' id='word_1_10' title='bbox 848 445 1053 530; x_wconf 83' lang='lat' dir='ltr'>intellegetur</span> <span class='ocrx_word' id='word_1_11' title='bbox 1076 483 1118 490; x_wconf 96' lang='lat'><strong>—</strong></span> <span class='ocrx_word' id='word_1_12' title='bbox 1140 446 1175 508; x_wconf 92' lang='lat' dir='ltr'>in</span> <span class='ocrx_word' id='word_1_13' title='bbox 1197 467 1311 530; x_wconf 88' lang='lat' dir='ltr'>parvas</span> 
     </span>
     <span class='ocr_line' id='line_1_4' title="bbox 184 553 1313 637; baseline 0 -21"><span class='ocrx_word' id='word_1_14' title='bbox 184 575 246 631; x_wconf 89' lang='lat' dir='ltr'>res,</span> <span class='ocrx_word' id='word_1_15' title='bbox 270 575 352 636; x_wconf 87' lang='lat' dir='ltr'>quae</span> <span class='ocrx_word' id='word_1_16' title='bbox 374 555 415 617; x_wconf 92' lang='lat' dir='ltr'>ad</span> <span class='ocrx_word' id='word_1_17' title='bbox 438 563 605 619; x_wconf 80' lang='lat' dir='ltr'>externam</span> <span class='ocrx_word' id='word_1_18' title='bbox 628 553 768 637; x_wconf 88' lang='lat' dir='ltr'>speeiem</span> <span class='ocrx_word' id='word_1_19' title='bbox 790 554 964 637; x_wconf 85' lang='lat' dir='ltr'>pertinent,</span> <span class='ocrx_word' id='word_1_20' title='bbox 989 553 1218 636; x_wconf 90' lang='lat' dir='ltr'>inquirendum</span> <span class='ocrx_word' id='word_1_21' title='bbox 1240 560 1313 618; x_wconf 87' lang='lat' dir='ltr'>esse&#39;</span> 
     </span>
     <span class='ocr_line' id='line_1_5' title="bbox 82 661 1311 745; baseline -0.002 -18"><span class='ocrx_word' id='word_1_22' title='bbox 82 669 84 674; x_wconf 84' lang='grc'><strong>’</strong></span> <span class='ocrx_word' id='word_1_23' title='bbox 185 662 321 728; x_wconf 88' lang='lat' dir='ltr'>videtur.</span> <span class='ocrx_word' id='word_1_24' title='bbox 360 663 475 744; x_wconf 91' lang='lat' dir='ltr'>Itaque</span> <span class='ocrx_word' id='word_1_25' title='bbox 497 662 604 745; x_wconf 90' lang='lat' dir='ltr'>priore</span> <span class='ocrx_word' id='word_1_26' title='bbox 626 662 696 725; x_wconf 87' lang='lat' dir='ltr'>loco</span> <span class='ocrx_word' id='word_1_27' title='bbox 720 662 792 744; x_wconf 94' lang='lat' dir='ltr'>quis</span> <span class='ocrx_word' id='word_1_28' title='bbox 815 661 868 724; x_wconf 87' lang='lat' dir='ltr'>dei</span> <span class='ocrx_word' id='word_1_29' title='bbox 891 661 1027 725; x_wconf 89' lang='lat' dir='ltr'>erinium</span> <span class='ocrx_word' id='word_1_30' title='bbox 1048 663 1229 744; x_wconf 89' lang='lat' dir='ltr'>barbaeque</span> <span class='ocrx_word' id='word_1_31' title='bbox 1250 662 1311 726; x_wconf 89' lang='lat' dir='ltr'>ha-</span> 
     </span>
     <span class='ocr_line' id='line_1_6' title="bbox 183 750 1310 854; baseline -0.001 -22"><span class='ocrx_word' id='word_1_32' title='bbox 183 769 287 847; x_wconf 85' lang='lat' dir='ltr'>bitus,</span> <span class='ocrx_word' id='word_1_33' title='bbox 324 750 439 834; x_wconf 89' lang='lat' dir='ltr'>deinde</span> <span class='ocrx_word' id='word_1_34' title='bbox 469 791 550 853; x_wconf 91' lang='lat' dir='ltr'>quae</span> <span class='ocrx_word' id='word_1_35' title='bbox 579 769 818 853; x_wconf 26' lang='lat' dir='ltr'>vestiumyeius</span> <span class='ocrx_word' id='word_1_36' title='bbox 847 771 1044 833; x_wconf 88' lang='lat' dir='ltr'>cousuetudo</span> <span class='ocrx_word' id='word_1_37' title='bbox 1073 770 1131 846; x_wconf 90' lang='lat' dir='ltr'>sit,</span> <span class='ocrx_word' id='word_1_38' title='bbox 1161 791 1310 854; x_wconf 87' lang='lat' dir='ltr'>perscru-</span> 
     </span>
     <span class='ocr_line' id='line_1_7' title="bbox 184 878 765 967; baseline 0.002 -27"><span class='ocrx_word' id='word_1_39' title='bbox 184 878 334 954; x_wconf 69' lang='lat' dir='ltr'>tabimur.</span> <span class='ocrx_word' id='word_1_40' title='bbox 762 964 765 967; x_wconf 21' lang='grc' dir='ltr'>Ι</span> 
     </span>
    </p>

    <p class='ocr_par' dir='ltr' id='par_1_4' title="bbox 183 985 1310 1288">
     <span class='ocr_line' id='line_1_8' title="bbox 268 985 1308 1069; baseline 0 -21"><span class='ocrx_word' id='word_1_41' title='bbox 268 986 375 1068; x_wconf 86' lang='lat' dir='ltr'>Atque</span> <span class='ocrx_word' id='word_1_42' title='bbox 398 987 432 1048; x_wconf 90' lang='lat' dir='ltr'>in</span> <span class='ocrx_word' id='word_1_43' title='bbox 455 1007 566 1050; x_wconf 91' lang='lat' dir='ltr'>eorum</span> <span class='ocrx_word' id='word_1_44' title='bbox 588 985 719 1069; x_wconf 91' lang='lat' dir='ltr'>quidem</span> <span class='ocrx_word' id='word_1_45' title='bbox 740 998 888 1051; x_wconf 85' lang='lat' dir='ltr'>vasorum</span> <span class='ocrx_word' id='word_1_46' title='bbox 910 1005 1046 1068; x_wconf 86' lang='lat' dir='ltr'>genere,</span> <span class='ocrx_word' id='word_1_47' title='bbox 1071 1006 1152 1068; x_wconf 91' lang='lat' dir='ltr'>quae</span> <span class='ocrx_word' id='word_1_48' title='bbox 1175 985 1308 1068; x_wconf 86' lang='lat' dir='ltr'>nigris</span> 
     </span>
     <span class='ocr_line' id='line_1_9' title="bbox 183 1092 1310 1177; baseline 0.001 -22"><span class='ocrx_word' id='word_1_49' title='bbox 183 1093 338 1176; x_wconf 79' lang='lat' dir='ltr'>figuris</span> <span class='ocrx_word' id='word_1_50' title='bbox 361 1104 472 1158; x_wconf 87' lang='lat' dir='ltr'>ornata</span> <span class='ocrx_word' id='word_1_51' title='bbox 494 1092 581 1171; x_wconf 81' lang='lat' dir='ltr'>sunt,</span> <span class='ocrx_word' id='word_1_52' title='bbox 606 1094 781 1177; x_wconf 86' lang='lat' dir='ltr'>Neptunus</span> <span class='ocrx_word' id='word_1_53' title='bbox 807 1093 977 1176; x_wconf 85' lang='lat' dir='ltr'>praecipue</span> <span class='ocrx_word' id='word_1_54' title='bbox 999 1093 1124 1177; x_wconf 84' lang='lat' dir='ltr'>prolixo</span> <span class='ocrx_word' id='word_1_55' title='bbox 1146 1093 1310 1177; x_wconf 86' lang='lat' dir='ltr'>praeditus</span> 
     </span>
     <span class='ocr_line' id='line_1_10' title="bbox 185 1200 1308 1288; baseline -0.001 -21"><span class='ocrx_word' id='word_1_56' title='bbox 185 1211 234 1267; x_wconf 88' lang='lat' dir='ltr'>est</span> <span class='ocrx_word' id='word_1_57' title='bbox 261 1201 397 1288; x_wconf 81' lang='lat' dir='ltr'>oapillO,</span> <span class='ocrx_word' id='word_1_58' title='bbox 428 1203 484 1284; x_wconf 87' lang='lat' dir='ltr'>qui</span> <span class='ocrx_word' id='word_1_59' title='bbox 509 1201 700 1286; x_wconf 87' lang='lat' dir='ltr'>indisposita</span> <span class='ocrx_word' id='word_1_60' title='bbox 728 1200 918 1284; x_wconf 90' lang='lat' dir='ltr'>plerumque</span> <span class='ocrx_word' id='word_1_61' title='bbox 948 1201 1094 1264; x_wconf 88' lang='lat' dir='ltr'>ubertate</span> <span class='ocrx_word' id='word_1_62' title='bbox 1111 1276 1112 1279; x_wconf 7' lang='grc' dir='ltr'><strong>Ἴ</strong></span> <span class='ocrx_word' id='word_1_63' title='bbox 1129 1200 1178 1282; x_wconf 80' lang='lat' dir='ltr'>(A.</span> <span class='ocrx_word' id='word_1_64' title='bbox 1203 1202 1242 1264; x_wconf 91' lang='lat' dir='ltr'>B.</span> <span class='ocrx_word' id='word_1_65' title='bbox 1269 1202 1308 1266; x_wconf 85' lang='lat' dir='ltr'>C.</span> 
     </span>
    </p>
   </div>
   <div class='ocr_carea' id='block_1_4' title="bbox 66 1307 1371 1399">
    <p class='ocr_par' dir='ltr' id='par_1_5' title="bbox 66 1307 1371 1399">
     <span class='ocr_line' id='line_1_11' title="bbox 66 1307 1371 1399; baseline 0.001 -29"><span class='ocrx_word' id='word_1_66' title='bbox 66 1317 69 1320; x_wconf 82' lang='grc'><strong>’</strong></span> <span class='ocrx_word' id='word_1_67' title='bbox 183 1309 226 1372; x_wconf 92' lang='lat' dir='ltr'>D.</span> <span class='ocrx_word' id='word_1_68' title='bbox 256 1309 294 1372; x_wconf 86' lang='lat' dir='ltr'>F.</span> <span class='ocrx_word' id='word_1_69' title='bbox 325 1310 373 1371; x_wconf 90' lang='lat' dir='ltr'>H.</span> <span class='ocrx_word' id='word_1_70' title='bbox 397 1310 442 1372; x_wconf 91' lang='lat' dir='ltr'>K.</span> <span class='ocrx_word' id='word_1_71' title='bbox 467 1311 505 1374; x_wconf 74' lang='lat' dir='ltr'>L.</span> <span class='ocrx_word' id='word_1_72' title='bbox 530 1311 574 1374; x_wconf 89' lang='lat' dir='ltr'>N.</span> <span class='ocrx_word' id='word_1_73' title='bbox 600 1310 641 1374; x_wconf 87' lang='lat'>0.</span> <span class='ocrx_word' id='word_1_74' title='bbox 667 1311 703 1373; x_wconf 94' lang='lat' dir='ltr'>P.</span> <span class='ocrx_word' id='word_1_75' title='bbox 730 1310 771 1376; x_wconf 84' lang='lat' dir='ltr'>Q.</span> <span class='ocrx_word' id='word_1_76' title='bbox 797 1309 830 1373; x_wconf 85' lang='lat' dir='ltr'>S.</span> <span class='ocrx_word' id='word_1_77' title='bbox 856 1309 895 1372; x_wconf 83' lang='lat' dir='ltr'>T.</span> <span class='ocrx_word' id='word_1_78' title='bbox 921 1307 960 1371; x_wconf 90' lang='lat' dir='ltr'>U.</span> <span class='ocrx_word' id='word_1_79' title='bbox 985 1309 1025 1372; x_wconf 93' lang='lat' dir='ltr'>V.</span> <span class='ocrx_word' id='word_1_80' title='bbox 1051 1309 1104 1372; x_wconf 93' lang='lat' dir='ltr'>W.</span> <span class='ocrx_word' id='word_1_81' title='bbox 1130 1310 1174 1372; x_wconf 87' lang='lat' dir='ltr'>X.</span> <span class='ocrx_word' id='word_1_82' title='bbox 1200 1309 1242 1371; x_wconf 89' lang='lat' dir='ltr'>Y.</span> <span class='ocrx_word' id='word_1_83' title='bbox 1268 1310 1307 1387; x_wconf 77' lang='lat' dir='ltr'>Z.</span> <span class='ocrx_word' id='word_1_84' title='bbox 1370 1394 1371 1399; x_wconf 8' lang='grc' dir='ltr'>ἵ</span> 
     </span>
    </p>
   </div>
   <div class='ocr_carea' id='block_1_5' title="bbox 183 1414 1312 2040">
    <p class='ocr_par' dir='ltr' id='par_1_6' title="bbox 183 1414 1312 2040">
     <span class='ocr_line' id='line_1_12' title="bbox 183 1414 1310 1503; baseline 0.003 -25"><span class='ocrx_word' id='word_1_85' title='bbox 183 1416 274 1493; x_wconf 83' lang='grc' dir='ltr'><strong>ΕΕ.;</strong></span> <span class='ocrx_word' id='word_1_86' title='bbox 309 1416 379 1481; x_wconf 69' lang='lat' dir='ltr'>*Ga</span> <span class='ocrx_word' id='word_1_87' title='bbox 397 1418 647 1503; x_wconf 79' lang='lat' dir='ltr'>*V.*Y.*Z.),</span> <span class='ocrx_word' id='word_1_88' title='bbox 679 1439 748 1483; x_wconf 89' lang='lat' dir='ltr'>raro</span> <span class='ocrx_word' id='word_1_89' title='bbox 783 1426 892 1479; x_wconf 88' lang='lat' dir='ltr'>contra</span> <span class='ocrx_word' id='word_1_90' title='bbox 924 1414 1038 1498; x_wconf 86' lang='lat' dir='ltr'>longos</span> <span class='ocrx_word' id='word_1_91' title='bbox 1070 1417 1106 1479; x_wconf 92' lang='lat' dir='ltr'>in</span> <span class='ocrx_word' id='word_1_92' title='bbox 1141 1416 1310 1481; x_wconf 84' lang='lat' dir='ltr'>cincinnos</span> 
     </span>
     <span class='ocr_line' id='line_1_13' title="bbox 184 1504 1311 1609; baseline -0.004 -18"><span class='ocrx_word' id='word_1_93' title='bbox 184 1504 306 1591; x_wconf 84' lang='lat' dir='ltr'>divisus</span> <span class='ocrx_word' id='word_1_94' title='bbox 335 1524 412 1607; x_wconf 79' lang='lat' dir='ltr'>(M.;</span> <span class='ocrx_word' id='word_1_95' title='bbox 434 1527 500 1588; x_wconf 83' lang='lat' dir='ltr'>*R.</span> <span class='ocrx_word' id='word_1_96' title='bbox 522 1526 620 1590; x_wconf 82' lang='lat' dir='ltr'>*AA.</span> <span class='ocrx_word' id='word_1_97' title='bbox 640 1525 742 1609; x_wconf 56' lang='lat'>³²00.)</span> <span class='ocrx_word' id='word_1_98' title='bbox 775 1524 811 1587; x_wconf 93' lang='lat' dir='ltr'>in</span> <span class='ocrx_word' id='word_1_99' title='bbox 844 1524 1000 1588; x_wconf 88' lang='lat' dir='ltr'>cervicem</span> <span class='ocrx_word' id='word_1_100' title='bbox 1034 1524 1157 1587; x_wconf 90' lang='lat' dir='ltr'>defluit.</span> <span class='ocrx_word' id='word_1_101' title='bbox 1215 1525 1311 1592; x_wconf 83' lang='lat' dir='ltr'>Quod</span> 
     </span>
     <span class='ocr_line' id='line_1_14' title="bbox 186 1631 1312 1716; baseline -0.002 -20"><span class='ocrx_word' id='word_1_102' title='bbox 186 1654 260 1696; x_wconf 87' lang='lat' dir='ltr'>cum</span> <span class='ocrx_word' id='word_1_103' title='bbox 293 1633 328 1696; x_wconf 93' lang='lat' dir='ltr'>in</span> <span class='ocrx_word' id='word_1_104' title='bbox 356 1655 423 1696; x_wconf 90' lang='lat' dir='ltr'>una</span> <span class='ocrx_word' id='word_1_105' title='bbox 451 1643 577 1696; x_wconf 91' lang='lat' dir='ltr'>tantum</span> <span class='ocrx_word' id='word_1_106' title='bbox 603 1633 729 1716; x_wconf 91' lang='lat' dir='ltr'>pictura</span> <span class='ocrx_word' id='word_1_107' title='bbox 755 1631 878 1715; x_wconf 90' lang='lat' dir='ltr'>publici</span> <span class='ocrx_word' id='word_1_108' title='bbox 905 1631 984 1697; x_wconf 85' lang='lat' dir='ltr'>iuris</span> <span class='ocrx_word' id='word_1_109' title='bbox 1013 1631 1098 1696; x_wconf 89' lang='lat' dir='ltr'>facta</span> <span class='ocrx_word' id='word_1_110' title='bbox 1126 1632 1312 1696; x_wconf 84' lang='lat' dir='ltr'>observetur</span> 
     </span>
     <span class='ocr_line' id='line_1_15' title="bbox 191 1722 1308 1824; baseline -0.002 -19"><span class='ocrx_word' id='word_1_111' title='bbox 191 1740 239 1823; x_wconf 83' lang='lat' dir='ltr'>(de</span> <span class='ocrx_word' id='word_1_112' title='bbox 261 1722 375 1807; x_wconf 78' lang='lat' dir='ltr'>ceteris</span> <span class='ocrx_word' id='word_1_113' title='bbox 398 1741 484 1804; x_wconf 89' lang='lat' dir='ltr'>enim</span> <span class='ocrx_word' id='word_1_114' title='bbox 507 1741 586 1804; x_wconf 88' lang='lat' dir='ltr'>certi</span> <span class='ocrx_word' id='word_1_115' title='bbox 607 1740 783 1824; x_wconf 86' lang='lat' dir='ltr'>quidquam</span> <span class='ocrx_word' id='word_1_116' title='bbox 806 1740 1001 1807; x_wconf 86' lang='lat' dir='ltr'>constituere</span> <span class='ocrx_word' id='word_1_117' title='bbox 1017 1739 1109 1804; x_wconf 90' lang='lat' dir='ltr'>nobis</span> <span class='ocrx_word' id='word_1_118' title='bbox 1125 1740 1308 1824; x_wconf 81' lang='lat' dir='ltr'>nonlicet),</span> 
     </span>
     <span class='ocr_line' id='line_1_16' title="bbox 186 1846 1312 1931; baseline -0.001 -20"><span class='ocrx_word' id='word_1_119' title='bbox 186 1850 393 1926; x_wconf 83' lang='lat' dir='ltr'>statuendum</span> <span class='ocrx_word' id='word_1_120' title='bbox 417 1871 487 1912; x_wconf 90' lang='lat' dir='ltr'>esse</span> <span class='ocrx_word' id='word_1_121' title='bbox 509 1849 653 1925; x_wconf 87' lang='lat' dir='ltr'>videtur,</span> <span class='ocrx_word' id='word_1_122' title='bbox 684 1848 772 1912; x_wconf 89' lang='lat' dir='ltr'>hunc</span> <span class='ocrx_word' id='word_1_123' title='bbox 795 1847 933 1911; x_wconf 91' lang='lat' dir='ltr'>crinium</span> <span class='ocrx_word' id='word_1_124' title='bbox 954 1846 1101 1913; x_wconf 89' lang='lat' dir='ltr'>habitum</span> <span class='ocrx_word' id='word_1_125' title='bbox 1124 1848 1312 1931; x_wconf 88' lang='lat' dir='ltr'>antiquissi-</span> 
     </span>
     <span class='ocr_line' id='line_1_17' title="bbox 183 1954 1308 2040; baseline -0.005 -16"><span class='ocrx_word' id='word_1_126' title='bbox 183 1977 271 2033; x_wconf 84' lang='lat' dir='ltr'>mae,</span> <span class='ocrx_word' id='word_1_127' title='bbox 296 1958 336 2020; x_wconf 92' lang='lat' dir='ltr'>de</span> <span class='ocrx_word' id='word_1_128' title='bbox 358 1978 422 2040; x_wconf 87' lang='lat' dir='ltr'>qua</span> <span class='ocrx_word' id='word_1_129' title='bbox 443 1978 531 2021; x_wconf 89' lang='lat' dir='ltr'>nuuc</span> <span class='ocrx_word' id='word_1_130' title='bbox 553 1956 707 2032; x_wconf 89' lang='lat' dir='ltr'>dicimus,</span> <span class='ocrx_word' id='word_1_131' title='bbox 733 1956 808 2019; x_wconf 89' lang='lat' dir='ltr'>artis</span> <span class='ocrx_word' id='word_1_132' title='bbox 830 1956 918 2021; x_wconf 83' lang='lat' dir='ltr'>haud</span> <span class='ocrx_word' id='word_1_133' title='bbox 939 1955 984 2020; x_wconf 89' lang='lat' dir='ltr'>ita</span> <span class='ocrx_word' id='word_1_134' title='bbox 1006 1954 1173 2040; x_wconf 87' lang='lat' dir='ltr'>proprium</span> <span class='ocrx_word' id='word_1_135' title='bbox 1194 1955 1308 2035; x_wconf 76' lang='lat' dir='ltr'>fuisse,</span> 
     </span>
    </p>
   </div>
   <div class='ocr_carea' id='block_1_6' title="bbox 63 2063 1310 2148">
    <p class='ocr_par' dir='ltr' id='par_1_7' title="bbox 63 2063 1310 2148">
     <span class='ocr_line' id='line_1_18' title="bbox 63 2063 1310 2148; baseline -0.001 -22"><span class='ocrx_word' id='word_1_136' title='bbox 63 2107 67 2115; x_wconf 75' lang='lat'>.</span> <span class='ocrx_word' id='word_1_137' title='bbox 121 2132 125 2142; x_wconf 33' lang='lat'>¹</span> <span class='ocrx_word' id='word_1_138' title='bbox 184 2066 240 2127; x_wconf 92' lang='lat' dir='ltr'>sed</span> <span class='ocrx_word' id='word_1_139' title='bbox 262 2065 304 2127; x_wconf 90' lang='lat' dir='ltr'>ad</span> <span class='ocrx_word' id='word_1_140' title='bbox 325 2064 414 2131; x_wconf 88' lang='lat' dir='ltr'>illam</span> <span class='ocrx_word' id='word_1_141' title='bbox 436 2073 572 2131; x_wconf 90' lang='lat' dir='ltr'>aetatem</span> <span class='ocrx_word' id='word_1_142' title='bbox 593 2063 696 2148; x_wconf 87' lang='lat' dir='ltr'>magis</span> <span class='ocrx_word' id='word_1_143' title='bbox 718 2064 889 2148; x_wconf 85' lang='lat' dir='ltr'>pertinere,</span> <span class='ocrx_word' id='word_1_144' title='bbox 915 2087 978 2148; x_wconf 91' lang='lat' dir='ltr'>qua</span> <span class='ocrx_word' id='word_1_145' title='bbox 999 2063 1169 2129; x_wconf 89' lang='lat' dir='ltr'>vascularii</span> <span class='ocrx_word' id='word_1_146' title='bbox 1192 2063 1310 2127; x_wconf 91' lang='lat' dir='ltr'>Graeci</span> 
     </span>
    </p>
   </div>
   <div class='ocr_carea' id='block_1_7' title="bbox 180 2171 1311 4086">
    <p class='ocr_par' dir='ltr' id='par_1_8' title="bbox 182 2171 1311 2794">
     <span class='ocr_line' id='line_1_19' title="bbox 183 2171 1310 2256; baseline 0.002 -22"><span class='ocrx_word' id='word_1_147' title='bbox 183 2172 247 2236; x_wconf 90' lang='lat' dir='ltr'>iam</span> <span class='ocrx_word' id='word_1_148' title='bbox 275 2173 371 2236; x_wconf 90' lang='lat' dir='ltr'>rubro</span> <span class='ocrx_word' id='word_1_149' title='bbox 393 2172 498 2236; x_wconf 87' lang='lat' dir='ltr'>colore</span> <span class='ocrx_word' id='word_1_150' title='bbox 521 2172 654 2256; x_wconf 83' lang='lat' dir='ltr'>pingere</span> <span class='ocrx_word' id='word_1_151' title='bbox 676 2172 885 2255; x_wconf 85' lang='lat' dir='ltr'>incipiebant.</span> <span class='ocrx_word' id='word_1_152' title='bbox 932 2173 994 2236; x_wconf 85' lang='lat' dir='ltr'>Cui</span> <span class='ocrx_word' id='word_1_153' title='bbox 1015 2172 1153 2256; x_wconf 90' lang='lat' dir='ltr'>tempori</span> <span class='ocrx_word' id='word_1_154' title='bbox 1174 2171 1310 2236; x_wconf 84' lang='lat' dir='ltr'>Amasin</span> 
     </span>
     <span class='ocr_line' id='line_1_20' title="bbox 182 2279 1311 2365; baseline 0.001 -21"><span class='ocrx_word' id='word_1_155' title='bbox 182 2281 348 2365; x_wconf 87' lang='lat' dir='ltr'>pictorem,</span> <span class='ocrx_word' id='word_1_156' title='bbox 374 2281 466 2344; x_wconf 89' lang='lat' dir='ltr'>ouius</span> <span class='ocrx_word' id='word_1_157' title='bbox 490 2301 530 2343; x_wconf 87' lang='lat' dir='ltr'>ex</span> <span class='ocrx_word' id='word_1_158' title='bbox 552 2279 682 2344; x_wconf 60' lang='lat' dir='ltr'>vasculo</span> <span class='ocrx_word' id='word_1_159' title='bbox 711 2279 778 2365; x_wconf 88' lang='lat' dir='ltr'>(M.)</span> <span class='ocrx_word' id='word_1_160' title='bbox 807 2290 874 2345; x_wconf 88' lang='lat' dir='ltr'>tota</span> <span class='ocrx_word' id='word_1_161' title='bbox 895 2281 976 2344; x_wconf 90' lang='lat' dir='ltr'>haec</span> <span class='ocrx_word' id='word_1_162' title='bbox 999 2280 1108 2364; x_wconf 92' lang='lat' dir='ltr'>opinio</span> <span class='ocrx_word' id='word_1_163' title='bbox 1131 2279 1311 2364; x_wconf 86' lang='lat' dir='ltr'>proficisci-</span> 
     </span>
     <span class='ocr_line' id='line_1_21' title="bbox 183 2387 1309 2472; baseline 0.003 -22"><span class='ocrx_word' id='word_1_164' title='bbox 183 2397 252 2464; x_wconf 91' lang='lat' dir='ltr'>tur,</span> <span class='ocrx_word' id='word_1_165' title='bbox 277 2387 346 2451; x_wconf 91' lang='lat' dir='ltr'>iure</span> <span class='ocrx_word' id='word_1_166' title='bbox 366 2388 486 2452; x_wconf 87' lang='lat' dir='ltr'>ascribi</span> <span class='ocrx_word' id='word_1_167' title='bbox 506 2410 617 2472; x_wconf 88' lang='lat' dir='ltr'>posse,</span> <span class='ocrx_word' id='word_1_168' title='bbox 642 2409 753 2458; x_wconf 90' lang='lat' dir='ltr'>omnes</span> <span class='ocrx_word' id='word_1_169' title='bbox 776 2390 963 2466; x_wconf 69' lang='lat' dir='ltr'>concedent,</span> <span class='ocrx_word' id='word_1_170' title='bbox 990 2389 1046 2472; x_wconf 94' lang='lat' dir='ltr'>qui</span> <span class='ocrx_word' id='word_1_171' title='bbox 1067 2388 1209 2472; x_wconf 90' lang='lat' dir='ltr'>picturas</span> <span class='ocrx_word' id='word_1_172' title='bbox 1232 2410 1309 2453; x_wconf 84' lang='lat' dir='ltr'>exa-</span> 
     </span>
     <span class='ocr_line' id='line_1_22' title="bbox 182 2496 1304 2582; baseline 0.001 -23"><span class='ocrx_word' id='word_1_173' title='bbox 182 2496 376 2562; x_wconf 88' lang='lat' dir='ltr'>minaverint</span> <span class='ocrx_word' id='word_1_174' title='bbox 398 2498 437 2562; x_wconf 88' lang='lat' dir='ltr'>ab</span> <span class='ocrx_word' id='word_1_175' title='bbox 460 2496 529 2560; x_wconf 86' lang='lat' dir='ltr'>eius</span> <span class='ocrx_word' id='word_1_176' title='bbox 544 2518 644 2560; x_wconf 89' lang='lat' dir='ltr'>manu</span> <span class='ocrx_word' id='word_1_177' title='bbox 659 2505 748 2559; x_wconf 88' lang='lat' dir='ltr'>tanta</span> <span class='ocrx_word' id='word_1_178' title='bbox 762 2505 829 2560; x_wconf 86' lang='lat' dir='ltr'>arte</span> <span class='ocrx_word' id='word_1_179' title='bbox 846 2518 882 2560; x_wconf 83' lang='lat' dir='ltr'>ac</span> <span class='ocrx_word' id='word_1_180' title='bbox 898 2496 1066 2582; x_wconf 84' lang='lat' dir='ltr'>diligentia</span> <span class='ocrx_word' id='word_1_181' title='bbox 1082 2496 1243 2560; x_wconf 89' lang='lat' dir='ltr'>confectas</span> <span class='ocrx_word' id='word_1_182' title='bbox 1253 2498 1304 2582; x_wconf 84' lang='lat'>⁵⁷),</span> 
     </span>
     <span class='ocr_line' id='line_1_23' title="bbox 182 2603 1308 2688; baseline 0 -22"><span class='ocrx_word' id='word_1_183' title='bbox 182 2612 219 2666; x_wconf 92' lang='lat' dir='ltr'>ut</span> <span class='ocrx_word' id='word_1_184' title='bbox 246 2603 365 2666; x_wconf 89' lang='lat' dir='ltr'>mirum</span> <span class='ocrx_word' id='word_1_185' title='bbox 392 2626 459 2667; x_wconf 90' lang='lat' dir='ltr'>non</span> <span class='ocrx_word' id='word_1_186' title='bbox 487 2615 590 2682; x_wconf 88' lang='lat' dir='ltr'>essct,</span> <span class='ocrx_word' id='word_1_187' title='bbox 621 2604 648 2668; x_wconf 92' lang='lat' dir='ltr'>si</span> <span class='ocrx_word' id='word_1_188' title='bbox 675 2604 802 2688; x_wconf 91' lang='lat' dir='ltr'>quando</span> <span class='ocrx_word' id='word_1_189' title='bbox 832 2604 962 2669; x_wconf 84' lang='lat' dir='ltr'>vascula</span> <span class='ocrx_word' id='word_1_190' title='bbox 989 2605 1029 2668; x_wconf 89' lang='lat' dir='ltr'>ab</span> <span class='ocrx_word' id='word_1_191' title='bbox 1052 2604 1308 2688; x_wconf 84' lang='lat' dir='ltr'>eodem-pictore</span> 
     </span>
     <span class='ocr_line' id='line_1_24' title="bbox 182 2712 861 2794; baseline -0.001 -17"><span class='ocrx_word' id='word_1_192' title='bbox 182 2712 287 2777; x_wconf 84' lang='lat' dir='ltr'>rubris</span> <span class='ocrx_word' id='word_1_193' title='bbox 309 2712 422 2794; x_wconf 81' lang='lat' dir='ltr'>figuris</span> <span class='ocrx_word' id='word_1_194' title='bbox 444 2713 592 2776; x_wconf 84' lang='lat' dir='ltr'>decorata</span> <span class='ocrx_word' id='word_1_195' title='bbox 613 2713 861 2776; x_wconf 89' lang='lat' dir='ltr'>innotescerent.</span> 
     </span>
    </p>

    <p class='ocr_par' dir='ltr' id='par_1_9' title="bbox 180 2819 1310 4086">
     <span class='ocr_line' id='line_1_25' title="bbox 189 2819 1309 2904; baseline 0 -21"><span class='ocrx_word' id='word_1_196' title='bbox 189 2861 190 2865; x_wconf 59' lang='lat'><em>=</em></span> <span class='ocrx_word' id='word_1_197' title='bbox 268 2820 338 2883; x_wconf 88' lang='lat' dir='ltr'>Sibi</span> <span class='ocrx_word' id='word_1_198' title='bbox 359 2820 458 2904; x_wconf 90' lang='lat' dir='ltr'>igitur</span> <span class='ocrx_word' id='word_1_199' title='bbox 478 2820 596 2883; x_wconf 89' lang='lat' dir='ltr'>habeat</span> <span class='ocrx_word' id='word_1_200' title='bbox 617 2821 774 2903; x_wconf 87' lang='lat' dir='ltr'>posterius</span> <span class='ocrx_word' id='word_1_201' title='bbox 797 2830 925 2904; x_wconf 91' lang='lat' dir='ltr'>tempus</span> <span class='ocrx_word' id='word_1_202' title='bbox 948 2820 1087 2883; x_wconf 89' lang='lat' dir='ltr'>crinium</span> <span class='ocrx_word' id='word_1_203' title='bbox 1107 2819 1199 2882; x_wconf 92' lang='lat' dir='ltr'>illum</span> <span class='ocrx_word' id='word_1_204' title='bbox 1213 2819 1309 2883; x_wconf 89' lang='lat' dir='ltr'>habi-</span> 
     </span>
     <span class='ocr_line' id='line_1_26' title="bbox 182 2910 1310 3011; baseline 0 -20"><span class='ocrx_word' id='word_1_205' title='bbox 182 2938 262 2991; x_wconf 90' lang='lat' dir='ltr'>tum.</span> <span class='ocrx_word' id='word_1_206' title='bbox 311 2927 374 2992; x_wconf 84' lang='lat' dir='ltr'>Sed</span> <span class='ocrx_word' id='word_1_207' title='bbox 395 2927 457 2992; x_wconf 87' lang='lat' dir='ltr'>hoc</span> <span class='ocrx_word' id='word_1_208' title='bbox 478 2928 656 2992; x_wconf 90' lang='lat' dir='ltr'>tenendum</span> <span class='ocrx_word' id='word_1_209' title='bbox 677 2937 745 3004; x_wconf 89' lang='lat' dir='ltr'>est,</span> <span class='ocrx_word' id='word_1_210' title='bbox 768 2949 811 2990; x_wconf 91' lang='lat' dir='ltr'>ne</span> <span class='ocrx_word' id='word_1_211' title='bbox 834 2928 971 3011; x_wconf 87' lang='lat' dir='ltr'>priscam</span> <span class='ocrx_word' id='word_1_212' title='bbox 995 2929 1125 3010; x_wconf 90' lang='lat' dir='ltr'>quidem</span> <span class='ocrx_word' id='word_1_213' title='bbox 1147 2937 1180 2990; x_wconf 88' lang='lat' dir='ltr'>et</span> <span class='ocrx_word' id='word_1_214' title='bbox 1200 2910 1310 2991; x_wconf 84' lang='lat' dir='ltr'>incul-</span> 
     </span>
     <span class='ocr_line' id='line_1_27' title="bbox 182 3035 1309 3120; baseline 0 -22"><span class='ocrx_word' id='word_1_215' title='bbox 182 3045 248 3100; x_wconf 91' lang='lat' dir='ltr'>tam</span> <span class='ocrx_word' id='word_1_216' title='bbox 279 3045 380 3099; x_wconf 90' lang='lat' dir='ltr'>artem</span> <span class='ocrx_word' id='word_1_217' title='bbox 410 3036 588 3099; x_wconf 87' lang='lat' dir='ltr'>exornandi</span> <span class='ocrx_word' id='word_1_218' title='bbox 616 3035 725 3120; x_wconf 88' lang='lat' dir='ltr'>capilli</span> <span class='ocrx_word' id='word_1_219' title='bbox 756 3035 864 3099; x_wconf 91' lang='lat' dir='ltr'>studio</span> <span class='ocrx_word' id='word_1_220' title='bbox 900 3036 1031 3098; x_wconf 92' lang='lat' dir='ltr'>omnino</span> <span class='ocrx_word' id='word_1_221' title='bbox 1064 3036 1213 3099; x_wconf 87' lang='lat' dir='ltr'>caruisse.</span> <span class='ocrx_word' id='word_1_222' title='bbox 1260 3036 1309 3099; x_wconf 89' lang='lat' dir='ltr'>Ac</span> 
     </span>
     <span class='ocr_line' id='line_1_28' title="bbox 183 3142 1308 3227; baseline 0.001 -21"><span class='ocrx_word' id='word_1_223' title='bbox 183 3144 321 3227; x_wconf 83' lang='lat' dir='ltr'>primum</span> <span class='ocrx_word' id='word_1_224' title='bbox 344 3143 473 3226; x_wconf 90' lang='lat' dir='ltr'>quidem</span> <span class='ocrx_word' id='word_1_225' title='bbox 496 3144 660 3207; x_wconf 90' lang='lat' dir='ltr'>neminem</span> <span class='ocrx_word' id='word_1_226' title='bbox 682 3143 823 3226; x_wconf 88' lang='lat' dir='ltr'>picturas</span> <span class='ocrx_word' id='word_1_227' title='bbox 845 3142 910 3205; x_wconf 90' lang='lat' dir='ltr'>huc</span> <span class='ocrx_word' id='word_1_228' title='bbox 932 3143 1114 3207; x_wconf 85' lang='lat' dir='ltr'>referendas</span> <span class='ocrx_word' id='word_1_229' title='bbox 1137 3142 1188 3208; x_wconf 92' lang='lat' dir='ltr'>vel</span> <span class='ocrx_word' id='word_1_230' title='bbox 1204 3143 1308 3218; x_wconf 82' lang='lat' dir='ltr'>obiter</span> 
     </span>
     <span class='ocr_line' id='line_1_29' title="bbox 181 3239 1309 3335; baseline 0 -22"><span class='ocrx_word' id='word_1_231' title='bbox 181 3251 429 3333; x_wconf 88' lang='lat' dir='ltr'>perlustrantem</span> <span class='ocrx_word' id='word_1_232' title='bbox 451 3250 562 3335; x_wconf 87' lang='lat' dir='ltr'>fugere</span> <span class='ocrx_word' id='word_1_233' title='bbox 584 3259 702 3335; x_wconf 82' lang='lat' dir='ltr'>potest,</span> <span class='ocrx_word' id='word_1_234' title='bbox 727 3250 922 3335; x_wconf 81' lang='lat' dir='ltr'>singularem</span> <span class='ocrx_word' id='word_1_235' title='bbox 944 3272 1054 3314; x_wconf 89' lang='lat' dir='ltr'>comae</span> <span class='ocrx_word' id='word_1_236' title='bbox 1077 3239 1266 3313; x_wconf 80' lang='lat' dir='ltr'>cincinnum</span> <span class='ocrx_word' id='word_1_237' title='bbox 1289 3273 1309 3313; x_wconf 89' lang='lat' dir='ltr'>a</span> 
     </span>
     <span class='ocr_line' id='line_1_30' title="bbox 183 3359 1308 3442; baseline 0 -22"><span class='ocrx_word' id='word_1_238' title='bbox 183 3368 287 3422; x_wconf 87' lang='lat' dir='ltr'>cetera</span> <span class='ocrx_word' id='word_1_239' title='bbox 312 3359 405 3442; x_wconf 89' lang='lat' dir='ltr'>copia</span> <span class='ocrx_word' id='word_1_240' title='bbox 431 3359 613 3422; x_wconf 88' lang='lat' dir='ltr'>seiunctum</span> <span class='ocrx_word' id='word_1_241' title='bbox 634 3359 722 3422; x_wconf 91' lang='lat' dir='ltr'>haud</span> <span class='ocrx_word' id='word_1_242' title='bbox 744 3359 789 3423; x_wconf 90' lang='lat' dir='ltr'>ita</span> <span class='ocrx_word' id='word_1_243' title='bbox 811 3381 880 3422; x_wconf 90' lang='lat' dir='ltr'>raro</span> <span class='ocrx_word' id='word_1_244' title='bbox 903 3359 939 3424; x_wconf 93' lang='lat' dir='ltr'>in</span> <span class='ocrx_word' id='word_1_245' title='bbox 961 3379 1109 3422; x_wconf 89' lang='lat' dir='ltr'>umerum</span> <span class='ocrx_word' id='word_1_246' title='bbox 1131 3368 1308 3442; x_wconf 89' lang='lat' dir='ltr'>pectusque</span> 
     </span>
     <span class='ocr_line' id='line_1_31' title="bbox 182 3465 1307 3551; baseline -0.002 -21"><span class='ocrx_word' id='word_1_247' title='bbox 182 3466 233 3530; x_wconf 90' lang='lat' dir='ltr'>dei</span> <span class='ocrx_word' id='word_1_248' title='bbox 262 3466 386 3549; x_wconf 92' lang='lat' dir='ltr'>prolabi</span> <span class='ocrx_word' id='word_1_249' title='bbox 419 3466 466 3548; x_wconf 84' lang='lat' dir='ltr'>(B.</span> <span class='ocrx_word' id='word_1_250' title='bbox 496 3466 534 3528; x_wconf 85' lang='lat' dir='ltr'>F.</span> <span class='ocrx_word' id='word_1_251' title='bbox 563 3465 605 3528; x_wconf 93' lang='lat' dir='ltr'>O.</span> <span class='ocrx_word' id='word_1_252' title='bbox 636 3467 677 3529; x_wconf 90' lang='lat' dir='ltr'>V.</span> <span class='ocrx_word' id='word_1_253' title='bbox 703 3467 756 3530; x_wconf 92' lang='lat' dir='ltr'>W.</span> <span class='ocrx_word' id='word_1_254' title='bbox 782 3466 880 3551; x_wconf 90' lang='grc' dir='ltr'><strong>ΕΕ.),</strong></span> <span class='ocrx_word' id='word_1_255' title='bbox 913 3465 1011 3529; x_wconf 91' lang='lat' dir='ltr'>semel</span> <span class='ocrx_word' id='word_1_256' title='bbox 1039 3475 1147 3528; x_wconf 91' lang='lat' dir='ltr'>autem</span> <span class='ocrx_word' id='word_1_257' title='bbox 1175 3465 1236 3550; x_wconf 83' lang='grc' dir='ltr'>(Υ)</span> <span class='ocrx_word' id='word_1_258' title='bbox 1270 3466 1307 3528; x_wconf 91' lang='lat' dir='ltr'>in</span> 
     </span>
     <span class='ocr_line' id='line_1_32' title="bbox 181 3572 1309 3656; baseline 0 -20"><span class='ocrx_word' id='word_1_259' title='bbox 181 3573 337 3636; x_wconf 89' lang='lat' dir='ltr'>cervicem</span> <span class='ocrx_word' id='word_1_260' title='bbox 359 3573 515 3637; x_wconf 88' lang='lat' dir='ltr'>decidere.</span> <span class='ocrx_word' id='word_1_261' title='bbox 555 3573 681 3636; x_wconf 89' lang='lat' dir='ltr'>Deinde</span> <span class='ocrx_word' id='word_1_262' title='bbox 703 3574 810 3651; x_wconf 87' lang='lat' dir='ltr'>crista,</span> <span class='ocrx_word' id='word_1_263' title='bbox 834 3584 872 3636; x_wconf 91' lang='lat' dir='ltr'>ut</span> <span class='ocrx_word' id='word_1_264' title='bbox 893 3574 938 3635; x_wconf 86' lang='lat' dir='ltr'>ita</span> <span class='ocrx_word' id='word_1_265' title='bbox 959 3573 1075 3648; x_wconf 89' lang='lat' dir='ltr'>dicam,</span> <span class='ocrx_word' id='word_1_266' title='bbox 1100 3594 1197 3656; x_wconf 90' lang='lat' dir='ltr'>supra</span> <span class='ocrx_word' id='word_1_267' title='bbox 1217 3572 1309 3636; x_wconf 87' lang='lat' dir='ltr'>fron-</span> 
     </span>
     <span class='ocr_line' id='line_1_33' title="bbox 181 3681 1307 3765; baseline 0.001 -21"><span class='ocrx_word' id='word_1_268' title='bbox 181 3692 246 3744; x_wconf 90' lang='lat' dir='ltr'>tem</span> <span class='ocrx_word' id='word_1_269' title='bbox 268 3702 439 3765; x_wconf 82' lang='lat' dir='ltr'>assurgens</span> <span class='ocrx_word' id='word_1_270' title='bbox 462 3690 494 3744; x_wconf 96' lang='lat' dir='ltr'>et</span> <span class='ocrx_word' id='word_1_271' title='bbox 509 3681 696 3765; x_wconf 89' lang='lat' dir='ltr'>occipitium</span> <span class='ocrx_word' id='word_1_272' title='bbox 711 3703 820 3744; x_wconf 88' lang='lat' dir='ltr'>versus</span> <span class='ocrx_word' id='word_1_273' title='bbox 836 3682 1034 3754; x_wconf 87' lang='lat' dir='ltr'>decrescens,</span> <span class='ocrx_word' id='word_1_274' title='bbox 1059 3702 1155 3764; x_wconf 91' lang='lat' dir='ltr'>quam</span> <span class='ocrx_word' id='word_1_275' title='bbox 1171 3682 1206 3743; x_wconf 92' lang='lat' dir='ltr'>in</span> <span class='ocrx_word' id='word_1_276' title='bbox 1222 3683 1307 3745; x_wconf 85' lang='lat' dir='ltr'>vasis</span> 
     </span>
     <span class='ocr_line' id='line_1_34' title="bbox 181 3787 1308 3873; baseline -0.001 -21"><span class='ocrx_word' id='word_1_277' title='bbox 181 3799 292 3873; x_wconf 90' lang='lat' dir='ltr'>postea</span> <span class='ocrx_word' id='word_1_278' title='bbox 325 3787 480 3851; x_wconf 89' lang='lat' dir='ltr'>confectis</span> <span class='ocrx_word' id='word_1_279' title='bbox 514 3789 646 3851; x_wconf 91' lang='lat' dir='ltr'>omnino</span> <span class='ocrx_word' id='word_1_280' title='bbox 674 3788 911 3862; x_wconf 90' lang='lat' dir='ltr'>desideramus,</span> <span class='ocrx_word' id='word_1_281' title='bbox 946 3787 1008 3850; x_wconf 88' lang='lat' dir='ltr'>hoc</span> <span class='ocrx_word' id='word_1_282' title='bbox 1041 3789 1074 3850; x_wconf 93' lang='lat' dir='ltr'>in</span> <span class='ocrx_word' id='word_1_283' title='bbox 1108 3789 1308 3871; x_wconf 89' lang='lat' dir='ltr'>picturarum</span> 
     </span>
     <span class='ocr_line' id='line_1_35' title="bbox 180 3895 1308 3981; baseline -0.001 -21"><span class='ocrx_word' id='word_1_284' title='bbox 180 3919 297 3981; x_wconf 88' lang='lat' dir='ltr'>genere</span> <span class='ocrx_word' id='word_1_285' title='bbox 319 3917 546 3979; x_wconf 85' lang='lat' dir='ltr'>nonnusquam</span> <span class='ocrx_word' id='word_1_286' title='bbox 574 3896 623 3977; x_wconf 82' lang='lat' dir='ltr'>(A.</span> <span class='ocrx_word' id='word_1_287' title='bbox 648 3896 687 3956; x_wconf 91' lang='grc' dir='ltr'>Β.</span> <span class='ocrx_word' id='word_1_288' title='bbox 712 3895 749 3958; x_wconf 87' lang='lat' dir='ltr'>F.</span> <span class='ocrx_word' id='word_1_289' title='bbox 775 3895 818 3957; x_wconf 92' lang='lat' dir='ltr'>N.</span> <span class='ocrx_word' id='word_1_290' title='bbox 844 3896 893 3979; x_wconf 85' lang='lat' dir='ltr'>L.)</span> <span class='ocrx_word' id='word_1_291' title='bbox 922 3895 1118 3959; x_wconf 87' lang='lat' dir='ltr'>observatur.</span> <span class='ocrx_word' id='word_1_292' title='bbox 1157 3896 1208 3959; x_wconf 93' lang='lat' dir='ltr'>Ad</span> <span class='ocrx_word' id='word_1_293' title='bbox 1223 3918 1308 3960; x_wconf 91' lang='lat' dir='ltr'>eun-</span> 
     </span>
     <span class='ocr_line' id='line_1_36' title="bbox 181 3987 1306 4086; baseline 0.001 -19"><span class='ocrx_word' id='word_1_294' title='bbox 181 4005 254 4067; x_wconf 90' lang='lat' dir='ltr'>dern</span> <span class='ocrx_word' id='word_1_295' title='bbox 284 4003 422 4066; x_wconf 90' lang='lat' dir='ltr'>erinium</span> <span class='ocrx_word' id='word_1_296' title='bbox 448 4004 595 4067; x_wconf 91' lang='lat' dir='ltr'>habitum</span> <span class='ocrx_word' id='word_1_297' title='bbox 623 4004 779 4085; x_wconf 84' lang='lat' dir='ltr'>imagines</span> <span class='ocrx_word' id='word_1_298' title='bbox 807 4003 967 4084; x_wconf 91' lang='lat' dir='ltr'>pertinere</span> <span class='ocrx_word' id='word_1_299' title='bbox 989 3987 1156 4079; x_wconf 83' lang='lat' dir='ltr'>videntur,</span> <span class='ocrx_word' id='word_1_300' title='bbox 1187 4006 1306 4086; x_wconf 89' lang='lat' dir='ltr'>quibus</span> 
     </span>
    </p>
   </div>
   <div class='ocr_carea' id='block_1_8' title="bbox 250 4236 1011 4307">
    <p class='ocr_par' dir='ltr' id='par_1_10' title="bbox 250 4236 1011 4307">
     <span class='ocr_line' id='line_1_37' title="bbox 250 4236 1011 4307; baseline 0.004 -19"><span class='ocrx_word' id='word_1_301' title='bbox 250 4242 290 4304; x_wconf 71' lang='lat'>57)</span> <span class='ocrx_word' id='word_1_302' title='bbox 311 4239 345 4292; x_wconf 86' lang='lat' dir='ltr'>ef.</span> <span class='ocrx_word' id='word_1_303' title='bbox 366 4238 437 4290; x_wconf 82' lang='lat' dir='ltr'>arch.</span> <span class='ocrx_word' id='word_1_304' title='bbox 458 4244 511 4303; x_wconf 81' lang='lat' dir='ltr'>atg.</span> <span class='ocrx_word' id='word_1_305' title='bbox 535 4240 599 4289; x_wconf 69' lang='lat'>1846</span> <span class='ocrx_word' id='word_1_306' title='bbox 618 4239 664 4291; x_wconf 80' lang='lat' dir='ltr'>tas.</span> <span class='ocrx_word' id='word_1_307' title='bbox 687 4236 818 4291; x_wconf 89' lang='lat' dir='ltr'>XXXIX.</span> <span class='ocrx_word' id='word_1_308' title='bbox 838 4256 865 4306; x_wconf 95' lang='lat' dir='ltr'>p.</span> <span class='ocrx_word' id='word_1_309' title='bbox 887 4240 936 4290; x_wconf 79' lang='lat'>233</span> <span class='ocrx_word' id='word_1_310' title='bbox 955 4255 1011 4307; x_wconf 89' lang='lat' dir='ltr'>sqq.</span> 
     </span>
    </p>
   </div>
   <div class='ocr_carea' id='block_1_9' title="bbox 0 0 1498 4912">
    <p class='ocr_par' dir='ltr' id='par_1_11' title="bbox 0 0 1498 4912">
     <span class='ocr_line' id='line_1_38' title="bbox 0 0 1498 4912; baseline 0 0"><span class='ocrx_word' id='word_1_311' title='bbox 0 0 1498 4912; x_wconf 95' lang='lat' dir='ltr'> </span> 
     </span>
    </p>
   </div>
  </div>
 </body>
</html>
