2956 4906
720 297 760 358 28

177 491 334 532 summam
356 469 584 552 perfectionem
607 468 908 551 absolutionemque
926 467 1129 544 accesserint,
1154 467 1304 531 enuclee-

178 598 261 638 mus.
302 577 351 638 Ac
373 598 414 639 ne
436 576 604 653 materiae,
637 598 718 659 quac
741 576 834 638 nobis
857 576 1020 660 proposita
1041 584 1107 652 est,
1137 575 1221 639 mole
1244 577 1304 638 ob-

177 705 324 761 ruamur,
356 686 396 747 ad
419 705 490 747 eam
513 684 746 768 disponendam
772 693 867 768 atque
890 684 1096 747 dividendam
1118 706 1155 746 ea
1176 683 1230 746 via
1250 683 1304 746 in-

177 793 352 875 gredienda
379 813 448 855 esse
477 792 621 868 videtur,
655 815 737 875 quac
766 793 859 855 nobis
888 793 1029 876 picturas
1058 792 1163 854 rubris
1191 791 1304 874 figuris

178 900 369 983 compositas
396 899 664 982 perlustrantibus
703 901 936 983 suppeditatur.
983 899 1189 962 Discriminis
1218 899 1304 961 enim
1360 970 1366 977 ,

178 1009 300 1070 ratione
323 1030 362 1070 ex
385 1008 523 1070 vestium
545 1007 660 1071 habitu
681 1008 827 1090 repetita,
851 1030 962 1071 omnes
985 1009 1037 1070 dei
1052 1009 1174 1090 figurae
1189 1007 1224 1069 in
1240 1017 1304 1069 tres

179 1117 395 1198 disponuntur
424 1115 568 1192 ordines,
607 1137 743 1198 quorum
780 1116 902 1198 primus
938 1115 1139 1179 vestimentis
1173 1114 1305 1177 amictas

121 1200 126 1215 ι
178 1223 297 1306 longis,
322 1223 521 1285 brevioribus
537 1224 709 1299 secunduS,
734 1223 847 1285 tertius
863 1223 1002 1307 denique
1018 1223 1121 1285 nudas
1135 1223 1187 1285 vel
1203 1222 1308 1285 obiter

180 1341 305 1393 tautum
328 1312 460 1393 vestitas
489 1331 720 1415 complectitur.
764 1331 910 1394 Eandem
933 1331 1126 1414 disponendi
1148 1330 1306 1394 rationem

180 1439 220 1501 ad
242 1439 382 1521 picturas
407 1439 498 1521 nigro
522 1438 625 1500 colore
641 1438 807 1501 distinctas
823 1438 945 1516 afferre,
970 1461 1052 1521 quae
1074 1437 1170 1521 primi
1185 1437 1307 1502 ordinis

180 1546 335 1629 exemplis
359 1547 536 1621 abundant,
562 1555 672 1608 carent
693 1568 796 1629 paene
812 1547 946 1610 secundi
962 1546 1111 1628 tertiique
1135 1545 1304 1628 exemplis,

104 1645 106 1650 ¹
180 1655 304 1718 nemini
332 1654 443 1718 durius
471 1653 642 1715 videbitur.
689 1654 777 1721 Quid
805 1656 891 1736 quod
920 1655 960 1717 ab
990 1653 1180 1736 anaglyphis
1209 1674 1308 1715 num-

179 1762 303 1845 misque
331 1761 462 1824 secundi
485 1760 605 1822 ordinis
629 1763 750 1844 figurae
773 1784 902 1844 prorsus
925 1762 1048 1824 alienae
1071 1761 1166 1823 sunt?
1189 1760 1307 1823 Omni-

181 1871 242 1931 bus
266 1869 353 1932 enim
368 1869 420 1932 dei
435 1869 558 1951 figuris,
584 1892 666 1953 quae
681 1869 776 1932 variis
792 1869 1191 1951 extiterunttemporibus,
1215 1868 1309 1931 iuxta

73 2047 77 2059 ι
104 1977 107 1984 '
168 1999 214 2040 -se
236 1978 348 2060 positis
371 1999 408 2039 ac
431 1976 602 2058 diligenter
624 1978 709 2039 inter·
731 1999 765 2038 se
788 1976 922 2052 collatis,
954 1977 1074 2059 optime
1097 1968 1309 2039 demonstrari
1332 2024 1337 2039 ,

179 2106 272 2169 posse
296 2084 441 2161 arbitror,
466 2084 544 2166 quid
567 2084 737 2155 contulerit
760 2084 999 2166 antiquissima,
1025 2085 1103 2167 quid
1124 2085 1228 2167 prisca
1250 2084 1332 2146 ad-.

180 2192 248 2255 ulta
277 2215 325 2255 ars
356 2193 396 2254 ad
425 2191 513 2254 illam
543 2193 596 2254 dei
624 2193 759 2255 formam
782 2192 971 2268 creandam,
1002 2214 1065 2274 qua
1094 2192 1185 2256 nulla
1205 2193 1311 2277 possit

181 2300 354 2382 excogitari
376 2300 598 2383 praestantior.

264 2409 311 2469 Ac
332 2406 490 2490 principio
507 2407 636 2490 quidem
658 2409 817 2490 primus
840 2407 1054 2469 constituatur
1075 2409 1189 2483 ordo,
1214 2407 1310 2471 cuius

181 2538 253 2600 pars
276 2516 435 2597 antiquior
456 2515 527 2576 illas
542 2515 689 2598 Neptuni
707 2494 825 2597 figuras
848 2514 1081 2596 complectitur,
1106 2537 1185 2597 quas
1200 2514 1310 2598 longis

181 2623 379 2685 vestimentis
408 2624 537 2686 indutas
567 2624 602 2685 in
624 2607 708 2686 vasis
737 2623 829 2706 nigro
853 2623 956 2686 colore
984 2622 1117 2705 depictis
1146 2623 1307 2700 videmus,
1392 2682 1395 2686 .

180 2753 253 2815 pars
276 2732 432 2793 recentior
454 2754 524 2808 eas,
557 2754 638 2814 quae
661 2753 772 2794 omnes
801 2732 842 2794 ad
864 2753 962 2794 unam
986 2730 1095 2793 tunica
1115 2730 1214 2812 longa
1235 2729 1310 2813 pal·
1404 2780 1410 2788 .

180 2838 289 2920 lioque
304 2838 437 2902 amictae
460 2840 494 2902 in
516 2839 649 2922 picturis
672 2841 783 2901 rubras
799 2841 916 2921 figuras
933 2837 1177 2901 ostendentibus
1193 2839 1310 2903 obviae

181 2955 267 3008 sunt.
314 2947 390 3008 Non
405 2929 553 3010 ⁸alienum
577 2968 646 3010 esse
675 2957 753 3029 puto
777 2946 960 3010 summatim
982 2944 1191 3028 breviterque·
1207 2967 1310 3029 expo-

182 3076 269 3131 nere,
295 3053 399 3136 qualis
421 3055 456 3115 in
478 3055 664 3118 universum
688 3053 729 3116 sit
752 3075 861 3116 earum
876 3055 1017 3129 habitus,
1042 3076 1138 3136 quem
1154 3076 1251 3136 supra
1271 3054 1309 3116 in

182 3161 316 3224 crinium
334 3162 536 3254 vestiumque
551 3163 664 3226 habitu
681 3162 850 3246 separatim
866 3162 1074 3225 describendo
1090 3161 1305 3243 negleximus.

264 3271 340 3336 Qua
368 3271 404 3332 in
433 3293 467 3332 re
497 3293 571 3333 cum
598 3294 616 3332 a
645 3271 749 3355 priore
777 3270 818 3333 ad
852 3270 1009 3352 posterius
1037 3269 1309 3354 progrediendum

182 3399 251 3440 esse
267 3379 429 3454 videatur,
450 3401 469 3440 a
482 3377 629 3460 Neptuni
644 3378 852 3460 imaginibus,
878 3399 960 3460 quae
975 3379 1066 3460 nigro
1082 3377 1186 3439 colore
1201 3376 1309 3460 pictae

180 3485 215 3546 in
237 3485 321 3547 vasis
345 3496 473 3561 extant,
505 3485 753 3568 proficiscamur.
800 3486 889 3552 Quas
911 3485 1023 3548 miram
1046 3483 1180 3547 vestitus
1203 3485 1308 3547 varie-

181 3603 279 3656 tatem
295 3595 473 3669 ostcnderc,
499 3614 571 3656 cum
595 3615 635 3656 ex
658 3593 714 3669 eis,
740 3614 821 3675 quae
840 3586 938 3655 'antea
953 3592 1096 3675 exposita
1117 3601 1203 3668 sunt,
1228 3614 1308 3654 con-

182 3711 253 3777 stet,
277 3700 372 3764 liceat
394 3702 488 3763 nobis
503 3701 575 3764 illas
596 3700 766 3762 seiunctim
782 3701 972 3775 describere,
999 3721 1080 3781 quae
1096 3700 1136 3762 ad
1150 3699 1307 3781 imagines

181 3808 368 3872 recentioris
391 3810 507 3892 partiS,
534 3809 619 3891 quod
642 3809 681 3871 ad
705 3817 809 3870 vestes
832 3808 958 3884 attinet,
985 3811 1128 3890 proxime
1151 3809 1309 3870 accedunt

181 3916 232 4001 ¹(C.
258 3916 301 3979 G.
328 3916 370 3978 N.
397 3917 444 3978 M.
469 3919 506 3979 P.
534 3919 575 3984 Q.
601 3918 642 3981 R.
669 3916 735 3978 EE.
761 3915 858 3989 GG,
885 3915 944 3977 *N.
970 3914 1081 3999 *CC.).
1113 3915 1240 3981 Quibus
1256 3936 1308 3977 se-

180 4023 299 4088 iunctis
323 4033 444 4087 ceterae
467 4026 599 4107 figurae,
632 4047 713 4106 quae
736 4023 803 4086 solo
826 4022 923 4106 pallio
946 4023 1080 4086 amictae
1103 4044 1172 4085 esse
1194 4021 1326 4087 viden-¹

180 4139 243 4208 tur,
268 4153 380 4194 omues
409 4131 455 4213 (A.
483 4134 520 4193 B.
546 4134 587 4195 l).
612 4134 648 4194 F.
667 4134 705 4194 L.
725 4132 764 4194 Ο.
788 4132 847 4202 U.;
873 4130 935 4193 *Ga
961 4130 1031 4215 *R.)
1060 4129 1192 4214 prolixis
1207 4129 1309 4212 capil-
1351 4139 1372 4155 ⁹

181 4237 221 4300 lis
251 4240 414 4323 praeditae
446 4249 537 4314 sunt,
572 4241 628 4322 qui
651 4240 838 4323 plerumque
867 4238 914 4320 (A.
940 4241 980 4300 B.
1005 4240 1047 4301 D.
1072 4239 1110 4299 F.
1136 4239 1185 4322 L.)
1220 4236 1310 4300 omni
