<?xml version="1.0" encoding="UTF-8"?>
<!DOCTYPE html PUBLIC "-//W3C//DTD XHTML 1.0 Transitional//EN"
    "http://www.w3.org/TR/xhtml1/DTD/xhtml1-transitional.dtd">
<html xmlns="http://www.w3.org/1999/xhtml" xml:lang="en" lang="en">
 <head>
  <title>
</title>
<meta http-equiv="Content-Type" content="text/html;charset=utf-8" />
  <meta name='ocr-system' content='tesseract 3.04.00' />
  <meta name='ocr-capabilities' content='ocr_page ocr_carea ocr_par ocr_line ocrx_word'/>
</head>
<body>
  <div class='ocr_page' id='page_1' title='image "./deantiquissiman00manigoog_0047.png"; bbox 0 0 2986 4912; ppageno 0'>
   <div class='ocr_carea' id='block_1_1' title="bbox 527 250 1037 398">
    <p class='ocr_par' dir='ltr' id='par_1_1' title="bbox 527 250 1037 398">
     <span class='ocr_line' id='line_1_1' title="bbox 527 250 1037 398; baseline 0 -44"><span class='ocrx_word' id='word_1_1' title='bbox 527 292 862 398; x_wconf 17' lang='grc'><strong><em>(038,</em></strong></span> <span class='ocrx_word' id='word_1_2' title='bbox 977 250 1037 361; x_wconf 50' lang='lat' dir='ltr'><em>s</em></span> 
     </span>
    </p>
   </div>
   <div class='ocr_carea' id='block_1_2' title="bbox 76 466 1398 2276">
    <p class='ocr_par' dir='ltr' id='par_1_2' title="bbox 76 466 1398 2276">
     <span class='ocr_line' id='line_1_2' title="bbox 261 466 518 552; baseline -0.019 -20"><span class='ocrx_word' id='word_1_3' title='bbox 261 476 289 532; x_wconf 84' lang='lat'>2.</span> <span class='ocrx_word' id='word_1_4' title='bbox 315 466 518 552; x_wconf 86' lang='lat' dir='ltr'>Anaglypha.</span> 
     </span>
     <span class='ocr_line' id='line_1_3' title="bbox 115 572 1303 654; baseline -0.005 -16"><span class='ocrx_word' id='word_1_5' title='bbox 115 619 119 626; x_wconf 87' lang='lat'>-</span> <span class='ocrx_word' id='word_1_6' title='bbox 189 606 191 614; x_wconf 34' lang='lat'><em>⁸</em></span> <span class='ocrx_word' id='word_1_7' title='bbox 256 628 259 639; x_wconf 77' lang='grc'><strong>.</strong></span> <span class='ocrx_word' id='word_1_8' title='bbox 304 598 333 638; x_wconf 88' lang='lat' dir='ltr'>a.</span> <span class='ocrx_word' id='word_1_9' title='bbox 358 576 422 637; x_wconf 88' lang='lat' dir='ltr'>Ara</span> <span class='ocrx_word' id='word_1_10' title='bbox 433 574 583 648; x_wconf 87' lang='lat' dir='ltr'>rotunda,</span> <span class='ocrx_word' id='word_1_11' title='bbox 598 593 681 654; x_wconf 91' lang='lat' dir='ltr'>quae</span> <span class='ocrx_word' id='word_1_12' title='bbox 693 581 857 634; x_wconf 78' lang='lat' dir='ltr'>»rostrata«</span> <span class='ocrx_word' id='word_1_13' title='bbox 868 572 996 634; x_wconf 89' lang='lat' dir='ltr'>dicitur.</span> <span class='ocrx_word' id='word_1_14' title='bbox 1008 593 1172 654; x_wconf 78' lang='lat' dir='ltr'>muscap.</span> <span class='ocrx_word' id='word_1_15' title='bbox 1185 573 1303 634; x_wconf 66' lang='lat' dir='ltr'>war.</span> 
     </span>
     <span class='ocr_line' id='line_1_4' title="bbox 224 679 1360 764; baseline -0.004 -18"><span class='ocrx_word' id='word_1_16' title='bbox 224 717 227 735; x_wconf 87' lang='lat'><strong>·</strong></span> <span class='ocrx_word' id='word_1_17' title='bbox 304 685 335 746; x_wconf 89' lang='lat' dir='ltr'>b.</span> <span class='ocrx_word' id='word_1_18' title='bbox 362 680 585 764; x_wconf 73' lang='lat' dir='ltr'>sarcophagus</span> <span class='ocrx_word' id='word_1_19' title='bbox 615 679 706 742; x_wconf 89' lang='lat' dir='ltr'>Pelei</span> <span class='ocrx_word' id='word_1_20' title='bbox 733 679 942 762; x_wconf 82' lang='lat' dir='ltr'><strong>Thetidisque</strong></span> <span class='ocrx_word' id='word_1_21' title='bbox 973 679 1104 762; x_wconf 82' lang='lat' dir='ltr'>nuptias</span> <span class='ocrx_word' id='word_1_22' title='bbox 1137 680 1304 762; x_wconf 83' lang='lat' dir='ltr'>praebens.</span> <span class='ocrx_word' id='word_1_23' title='bbox 1358 695 1360 703; x_wconf 79' lang='grc'>’</span> 
     </span>
     <span class='ocr_line' id='line_1_5' title="bbox 178 787 1219 871; baseline -0.007 -16"><span class='ocrx_word' id='word_1_24' title='bbox 178 789 389 866; x_wconf 89' lang='lat' dir='ltr'>Winckelm.,</span> <span class='ocrx_word' id='word_1_25' title='bbox 414 810 502 852; x_wconf 91' lang='lat' dir='ltr'>mon.</span> <span class='ocrx_word' id='word_1_26' title='bbox 527 788 613 851; x_wconf 87' lang='lat' dir='ltr'>ined.</span> <span class='ocrx_word' id='word_1_27' title='bbox 641 795 781 864; x_wconf 82' lang='lat' dir='ltr'>n01113</span> <span class='ocrx_word' id='word_1_28' title='bbox 807 789 926 871; x_wconf 87' lang='lat' dir='ltr'>Zoega,</span> <span class='ocrx_word' id='word_1_29' title='bbox 950 787 1063 850; x_wconf 88' lang='lat' dir='ltr'>bassir.</span> <span class='ocrx_word' id='word_1_30' title='bbox 1091 794 1140 850; x_wconf 84' lang='lat'>52.</span> <span class='ocrx_word' id='word_1_31' title='bbox 1169 794 1219 848; x_wconf 81' lang='lat'>53.</span> 
     </span>
     <span class='ocr_line' id='line_1_6' title="bbox 306 894 1305 980; baseline -0.006 -18"><span class='ocrx_word' id='word_1_32' title='bbox 306 921 333 961; x_wconf 92' lang='lat' dir='ltr'>c.</span> <span class='ocrx_word' id='word_1_33' title='bbox 360 897 595 980; x_wconf 65' lang='lat' dir='ltr'>Sarcophagus‘</span> <span class='ocrx_word' id='word_1_34' title='bbox 615 895 802 959; x_wconf 83' lang='lat' dir='ltr'>Promethei</span> <span class='ocrx_word' id='word_1_35' title='bbox 841 895 984 958; x_wconf 82' lang='lat' dir='ltr'>sahulem</span> <span class='ocrx_word' id='word_1_36' title='bbox 1017 894 1184 959; x_wconf 85' lang='lat' dir='ltr'>exhibens.</span> <span class='ocrx_word' id='word_1_37' title='bbox 1214 918 1243 958; x_wconf 90' lang='lat' dir='ltr'>a.</span> <span class='ocrx_word' id='word_1_38' title='bbox 1273 897 1305 958; x_wconf 92' lang='lat' dir='ltr'>d.</span> 
     </span>
     <span class='ocr_line' id='line_1_7' title="bbox 178 988 1119 1070; baseline -0.006 0"><span class='ocrx_word' id='word_1_39' title='bbox 178 1008 204 1069; x_wconf 90' lang='grc' dir='ltr'>Ι.</span> <span class='ocrx_word' id='word_1_40' title='bbox 230 1007 286 1070; x_wconf 79' lang='lat' dir='ltr'>af.</span> <span class='ocrx_word' id='word_1_41' title='bbox 316 1013 363 1066; x_wconf 81' lang='grc'>14.</span> <span class='ocrx_word' id='word_1_42' title='bbox 391 1011 441 1066; x_wconf 82' lang='lat' dir='ltr'>aa</span> <span class='ocrx_word' id='word_1_43' title='bbox 1117 988 1119 992; x_wconf 80' lang='grc'><strong>’</strong></span> 
     </span>
     <span class='ocr_line' id='line_1_8' title="bbox 309 1099 1398 1187; baseline -0.004 -11"><span class='ocrx_word' id='word_1_44' title='bbox 309 1115 339 1176; x_wconf 92' lang='lat' dir='ltr'>d.</span> <span class='ocrx_word' id='word_1_45' title='bbox 366 1099 476 1174; x_wconf 78' lang='lat' dir='ltr'>Crater</span> <span class='ocrx_word' id='word_1_46' title='bbox 498 1132 705 1174; x_wconf 87' lang='lat' dir='ltr'>marmoreus.</span> <span class='ocrx_word' id='word_1_47' title='bbox 732 1110 900 1187; x_wconf 90' lang='lat' dir='ltr'>Pistolesi,</span> <span class='ocrx_word' id='word_1_48' title='bbox 924 1111 950 1173; x_wconf 92' lang='lat' dir='ltr'>il</span> <span class='ocrx_word' id='word_1_49' title='bbox 971 1121 1035 1174; x_wconf 85' lang='lat' dir='ltr'>vat.</span> <span class='ocrx_word' id='word_1_50' title='bbox 1060 1112 1161 1174; x_wconf 86' lang='lat' dir='ltr'>deser.</span> <span class='ocrx_word' id='word_1_51' title='bbox 1187 1113 1226 1173; x_wconf 91' lang='lat' dir='ltr'>V.</span> <span class='ocrx_word' id='word_1_52' title='bbox 1255 1117 1306 1172; x_wconf 80' lang='lat'>53.</span> <span class='ocrx_word' id='word_1_53' title='bbox 1394 1144 1398 1156; x_wconf 81' lang='lat'>.</span> 
     </span>
     <span class='ocr_line' id='line_1_9' title="bbox 309 1218 1308 1303; baseline -0.003 -20"><span class='ocrx_word' id='word_1_54' title='bbox 309 1243 335 1282; x_wconf 87' lang='lat' dir='ltr'>e.</span> <span class='ocrx_word' id='word_1_55' title='bbox 362 1219 478 1283; x_wconf 90' lang='lat' dir='ltr'>Patina</span> <span class='ocrx_word' id='word_1_56' title='bbox 500 1229 662 1303; x_wconf 89' lang='lat' dir='ltr'>argentea,</span> <span class='ocrx_word' id='word_1_57' title='bbox 687 1219 780 1282; x_wconf 89' lang='lat' dir='ltr'>cuius</span> <span class='ocrx_word' id='word_1_58' title='bbox 802 1220 837 1282; x_wconf 91' lang='lat' dir='ltr'>iu</span> <span class='ocrx_word' id='word_1_59' title='bbox 859 1241 938 1282; x_wconf 89' lang='lat' dir='ltr'>ansa</span> <span class='ocrx_word' id='word_1_60' title='bbox 967 1227 1055 1283; x_wconf 87' lang='lat' dir='ltr'>extat</span> <span class='ocrx_word' id='word_1_61' title='bbox 1076 1218 1308 1303; x_wconf 83' lang='lat' dir='ltr'>anaglyphum.</span> 
     </span>
     <span class='ocr_line' id='line_1_10' title="bbox 91 1313 966 1410; baseline -0.003 -20"><span class='ocrx_word' id='word_1_62' title='bbox 91 1362 92 1367; x_wconf 20' lang='grc' dir='ltr'><strong><em>κ</em></strong></span> <span class='ocrx_word' id='word_1_63' title='bbox 180 1329 216 1391; x_wconf 78' lang='lat'>0.</span> <span class='ocrx_word' id='word_1_64' title='bbox 239 1330 280 1391; x_wconf 84' lang='lat' dir='ltr'>R.</span> <span class='ocrx_word' id='word_1_65' title='bbox 311 1334 388 1390; x_wconf 86' lang='lat'>1867</span> <span class='ocrx_word' id='word_1_66' title='bbox 412 1349 446 1410; x_wconf 91' lang='lat' dir='ltr'>p.</span> <span class='ocrx_word' id='word_1_67' title='bbox 472 1333 545 1389; x_wconf 81' lang='lat' dir='ltr'>roo.</span> <span class='ocrx_word' id='word_1_68' title='bbox 964 1313 966 1325; x_wconf 91' lang='lat'>&#39;</span> 
     </span>
     <span class='ocr_line' id='line_1_11' title="bbox 76 1434 524 1518; baseline -0.004 -20"><span class='ocrx_word' id='word_1_69' title='bbox 76 1434 80 1443; x_wconf 87' lang='grc'>’</span> <span class='ocrx_word' id='word_1_70' title='bbox 267 1443 296 1498; x_wconf 90' lang='grc'>3.</span> <span class='ocrx_word' id='word_1_71' title='bbox 322 1438 407 1499; x_wconf 85' lang='lat' dir='ltr'>Vasa</span> <span class='ocrx_word' id='word_1_72' title='bbox 429 1436 524 1518; x_wconf 92' lang='lat' dir='ltr'>picta.</span> 
     </span>
     <span class='ocr_line' id='line_1_12' title="bbox 307 1541 877 1626; baseline -0.005 -18"><span class='ocrx_word' id='word_1_73' title='bbox 307 1545 340 1608; x_wconf 85' lang='lat' dir='ltr'>k.</span> <span class='ocrx_word' id='word_1_74' title='bbox 366 1544 556 1626; x_wconf 89' lang='lat' dir='ltr'>Amymone.</span> <span class='ocrx_word' id='word_1_75' title='bbox 585 1541 625 1603; x_wconf 75' lang='lat' dir='ltr'>el.</span> <span class='ocrx_word' id='word_1_76' title='bbox 651 1544 714 1606; x_wconf 76' lang='lat' dir='ltr'>cer.</span> <span class='ocrx_word' id='word_1_77' title='bbox 740 1543 799 1604; x_wconf 94' lang='grc' dir='ltr'><strong>ΙΙΙ.</strong></span> <span class='ocrx_word' id='word_1_78' title='bbox 827 1550 877 1605; x_wconf 82' lang='grc'>27.</span> 
     </span>
     <span class='ocr_line' id='line_1_13' title="bbox 318 1630 1370 1739; baseline -0.001 -26"><span class='ocrx_word' id='word_1_79' title='bbox 318 1652 341 1713; x_wconf 87' lang='grc'>1.</span> <span class='ocrx_word' id='word_1_80' title='bbox 404 1687 489 1698; x_wconf 87' lang='grc'>-</span> <span class='ocrx_word' id='word_1_81' title='bbox 575 1630 1370 1739; x_wconf 16' lang='lat' dir='ltr'>Passeapraanvrr.nausearum.‚4</span> 
     </span>
     <span class='ocr_line' id='line_1_14' title="bbox 299 1758 1307 1842; baseline -0.001 -22"><span class='ocrx_word' id='word_1_82' title='bbox 299 1781 342 1821; x_wconf 93' lang='lat' dir='ltr'>m.</span> <span class='ocrx_word' id='word_1_83' title='bbox 367 1760 511 1821; x_wconf 84' lang='lat' dir='ltr'>Aurorae</span> <span class='ocrx_word' id='word_1_84' title='bbox 534 1758 687 1842; x_wconf 82' lang='lat' dir='ltr'>quadriga</span> <span class='ocrx_word' id='word_1_85' title='bbox 710 1780 729 1820; x_wconf 92' lang='lat' dir='ltr'>a</span> <span class='ocrx_word' id='word_1_86' title='bbox 750 1759 818 1821; x_wconf 89' lang='lat' dir='ltr'>deis</span> <span class='ocrx_word' id='word_1_87' title='bbox 841 1759 1048 1822; x_wconf 84' lang='lat' dir='ltr'>circumdata.</span> <span class='ocrx_word' id='word_1_88' title='bbox 1072 1781 1160 1821; x_wconf 86' lang='lat' dir='ltr'>mon.</span> <span class='ocrx_word' id='word_1_89' title='bbox 1185 1759 1227 1820; x_wconf 87' lang='lat' dir='ltr'>H.</span> <span class='ocrx_word' id='word_1_90' title='bbox 1256 1765 1307 1819; x_wconf 84' lang='lat'>30.</span> 
     </span>
     <span class='ocr_line' id='line_1_15' title="bbox 309 1865 1306 1958; baseline -0.002 -30"><span class='ocrx_word' id='word_1_91' title='bbox 309 1888 342 1928; x_wconf 91' lang='grc'>11.</span> <span class='ocrx_word' id='word_1_92' title='bbox 367 1866 571 1950; x_wconf 87' lang='lat' dir='ltr'>Amymonen</span> <span class='ocrx_word' id='word_1_93' title='bbox 582 1886 788 1949; x_wconf 89' lang='lat' dir='ltr'>persequens.</span> <span class='ocrx_word' id='word_1_94' title='bbox 804 1889 832 1928; x_wconf 88' lang='lat' dir='ltr'>a.</span> <span class='ocrx_word' id='word_1_95' title='bbox 848 1866 915 1928; x_wconf 92' lang='lat' dir='ltr'>v.l.</span> <span class='ocrx_word' id='word_1_96' title='bbox 933 1873 980 1929; x_wconf 89' lang='lat'>11.</span> <span class='ocrx_word' id='word_1_97' title='bbox 999 1873 1034 1942; x_wconf 84' lang='lat'>23</span> <span class='ocrx_word' id='word_1_98' title='bbox 1050 1866 1089 1928; x_wconf 73' lang='lat' dir='ltr'>el.</span> <span class='ocrx_word' id='word_1_99' title='bbox 1106 1868 1168 1958; x_wconf 74' lang='lat' dir='ltr'>cer.</span> <span class='ocrx_word' id='word_1_100' title='bbox 1179 1865 1239 1928; x_wconf 92' lang='grc' dir='ltr'>ΠΙ.</span> <span class='ocrx_word' id='word_1_101' title='bbox 1259 1872 1306 1927; x_wconf 90' lang='lat'>18.</span> 
     </span>
     <span class='ocr_line' id='line_1_16' title="bbox 309 1974 1312 2058; baseline -0.001 -21"><span class='ocrx_word' id='word_1_102' title='bbox 309 1997 338 2037; x_wconf 89' lang='lat'>0.</span> <span class='ocrx_word' id='word_1_103' title='bbox 364 1975 501 2037; x_wconf 88' lang='lat' dir='ltr'>Fontem</span> <span class='ocrx_word' id='word_1_104' title='bbox 531 1974 677 2057; x_wconf 89' lang='lat' dir='ltr'>aperiens</span> <span class='ocrx_word' id='word_1_105' title='bbox 712 1975 817 2058; x_wconf 77' lang='lat' dir='ltr'>(modo</span> <span class='ocrx_word' id='word_1_106' title='bbox 849 1974 998 2037; x_wconf 87' lang='lat' dir='ltr'>laudatae</span> <span class='ocrx_word' id='word_1_107' title='bbox 1027 1982 1155 2056; x_wconf 88' lang='lat' dir='ltr'>paterae</span> <span class='ocrx_word' id='word_1_108' title='bbox 1185 1974 1312 2056; x_wconf 84' lang='lat' dir='ltr'>pictura</span> 
     </span>
     <span class='ocr_line' id='line_1_17' title="bbox 180 2082 1114 2166; baseline -0.006 -21"><span class='ocrx_word' id='word_1_109' title='bbox 180 2083 303 2166; x_wconf 86' lang='lat' dir='ltr'>altera).</span> <span class='ocrx_word' id='word_1_110' title='bbox 328 2083 350 2144; x_wconf 94' lang='lat' dir='ltr'>l.</span> <span class='ocrx_word' id='word_1_111' title='bbox 376 2082 398 2143; x_wconf 94' lang='lat' dir='ltr'>l.</span> <span class='ocrx_word' id='word_1_112' title='bbox 1104 2147 1114 2154; x_wconf 59' lang='lat'><em>„</em></span> 
     </span>
     <span class='ocr_line' id='line_1_18' title="bbox 192 2176 1312 2276; baseline 0 -24"><span class='ocrx_word' id='word_1_113' title='bbox 192 2176 195 2181; x_wconf 45' lang='grc'><strong>’</strong></span> <span class='ocrx_word' id='word_1_114' title='bbox 309 2213 341 2274; x_wconf 91' lang='lat' dir='ltr'>p.</span> <span class='ocrx_word' id='word_1_115' title='bbox 368 2191 510 2253; x_wconf 88' lang='lat' dir='ltr'>Deorum</span> <span class='ocrx_word' id='word_1_116' title='bbox 533 2200 565 2253; x_wconf 92' lang='lat' dir='ltr'>et</span> <span class='ocrx_word' id='word_1_117' title='bbox 586 2191 756 2276; x_wconf 88' lang='lat' dir='ltr'>gigantum</span> <span class='ocrx_word' id='word_1_118' title='bbox 779 2191 1001 2253; x_wconf 84' lang='lat' dir='ltr'>dimicationes</span> <span class='ocrx_word' id='word_1_119' title='bbox 1028 2190 1163 2273; x_wconf 79' lang='lat' dir='ltr'>(pictura</span> <span class='ocrx_word' id='word_1_120' title='bbox 1183 2198 1312 2272; x_wconf 89' lang='lat' dir='ltr'>paterae</span> 
     </span>
    </p>
   </div>
   <div class='ocr_carea' id='block_1_3' title="bbox 67 2297 874 2390">
    <p class='ocr_par' dir='ltr' id='par_1_3' title="bbox 67 2297 874 2390">
     <span class='ocr_line' id='line_1_19' title="bbox 67 2297 874 2390; baseline 0 -31"><span class='ocrx_word' id='word_1_121' title='bbox 67 2387 70 2390; x_wconf 58' lang='lat'>.</span> <span class='ocrx_word' id='word_1_122' title='bbox 182 2300 221 2360; x_wconf 87' lang='lat' dir='ltr'>ab</span> <span class='ocrx_word' id='word_1_123' title='bbox 243 2298 365 2382; x_wconf 86' lang='lat' dir='ltr'>Ergino</span> <span class='ocrx_word' id='word_1_124' title='bbox 389 2297 578 2379; x_wconf 78' lang='lat' dir='ltr'>confectae).</span> <span class='ocrx_word' id='word_1_125' title='bbox 605 2308 644 2361; x_wconf 89' lang='lat' dir='ltr'>tr.</span> <span class='ocrx_word' id='word_1_126' title='bbox 671 2321 761 2382; x_wconf 89' lang='lat' dir='ltr'>u..g.</span> <span class='ocrx_word' id='word_1_127' title='bbox 789 2306 818 2360; x_wconf 84' lang='lat'>2.</span> <span class='ocrx_word' id='word_1_128' title='bbox 846 2305 874 2359; x_wconf 88' lang='lat'>3.</span> 
     </span>
    </p>
   </div>
   <div class='ocr_carea' id='block_1_4' title="bbox 128 2404 1315 2704">
    <p class='ocr_par' dir='ltr' id='par_1_4' title="bbox 128 2404 1315 2704">
     <span class='ocr_line' id='line_1_20' title="bbox 309 2404 1315 2489; baseline -0.002 -22"><span class='ocrx_word' id='word_1_129' title='bbox 309 2428 339 2488; x_wconf 91' lang='lat' dir='ltr'>q.</span> <span class='ocrx_word' id='word_1_130' title='bbox 365 2404 584 2488; x_wconf 83' lang='lat' dir='ltr'>Amphitriten</span> <span class='ocrx_word' id='word_1_131' title='bbox 607 2405 759 2489; x_wconf 90' lang='lat' dir='ltr'>delphine</span> <span class='ocrx_word' id='word_1_132' title='bbox 782 2407 943 2468; x_wconf 87' lang='lat' dir='ltr'>invectam</span> <span class='ocrx_word' id='word_1_133' title='bbox 974 2415 1157 2488; x_wconf 88' lang='lat' dir='ltr'>expectans.</span> <span class='ocrx_word' id='word_1_134' title='bbox 1184 2413 1250 2467; x_wconf 88' lang='lat' dir='ltr'>ant.</span> <span class='ocrx_word' id='word_1_135' title='bbox 1276 2405 1315 2466; x_wconf 79' lang='lat' dir='ltr'>d:</span> 
     </span>
     <span class='ocr_line' id='line_1_21' title="bbox 128 2513 1058 2596; baseline 0.001 -24"><span class='ocrx_word' id='word_1_136' title='bbox 128 2569 130 2572; x_wconf 86' lang='lat'>.</span> <span class='ocrx_word' id='word_1_137' title='bbox 185 2513 300 2596; x_wconf 89' lang='lat' dir='ltr'>bosph.</span> <span class='ocrx_word' id='word_1_138' title='bbox 326 2513 433 2575; x_wconf 88' lang='lat' dir='ltr'>cimm.</span> <span class='ocrx_word' id='word_1_139' title='bbox 459 2513 519 2576; x_wconf 92' lang='lat' dir='ltr'>III.</span> <span class='ocrx_word' id='word_1_140' title='bbox 546 2520 596 2575; x_wconf 87' lang='grc'>61.</span> <span class='ocrx_word' id='word_1_141' title='bbox 625 2519 653 2575; x_wconf 87' lang='lat'>3.</span> <span class='ocrx_word' id='word_1_142' title='bbox 682 2520 710 2575; x_wconf 88' lang='grc'>4.</span> <span class='ocrx_word' id='word_1_143' title='bbox 738 2513 779 2575; x_wconf 84' lang='lat' dir='ltr'>cf.</span> <span class='ocrx_word' id='word_1_144' title='bbox 805 2514 934 2576; x_wconf 81' lang='grc' dir='ltr'>Ρ2164.</span> <span class='ocrx_word' id='word_1_145' title='bbox 1055 2550 1058 2555; x_wconf 60' lang='lat'>&lt;</span> 
     </span>
     <span class='ocr_line' id='line_1_22' title="bbox 316 2620 945 2704; baseline 0 -23"><span class='ocrx_word' id='word_1_146' title='bbox 316 2642 341 2681; x_wconf 91' lang='lat' dir='ltr'>r.</span> <span class='ocrx_word' id='word_1_147' title='bbox 367 2620 558 2704; x_wconf 90' lang='lat' dir='ltr'>Amymone.</span> <span class='ocrx_word' id='word_1_148' title='bbox 585 2620 715 2684; x_wconf 90' lang='lat' dir='ltr'>amalth.</span> <span class='ocrx_word' id='word_1_149' title='bbox 743 2622 784 2687; x_wconf 90' lang='lat' dir='ltr'>II.</span> <span class='ocrx_word' id='word_1_150' title='bbox 811 2621 866 2684; x_wconf 87' lang='lat' dir='ltr'>taf.</span> <span class='ocrx_word' id='word_1_151' title='bbox 895 2629 945 2683; x_wconf 83' lang='grc'>4.’</span> 
     </span>
    </p>
   </div>
   <div class='ocr_carea' id='block_1_5' title="bbox 268 2728 1415 2812">
    <p class='ocr_par' dir='ltr' id='par_1_5' title="bbox 268 2728 1415 2812">
     <span class='ocr_line' id='line_1_23' title="bbox 268 2728 1415 2812; baseline -0.001 -22"><span class='ocrx_word' id='word_1_152' title='bbox 268 2730 338 2790; x_wconf 91' lang='lat' dir='ltr'>Has</span> <span class='ocrx_word' id='word_1_153' title='bbox 367 2729 419 2791; x_wconf 91' lang='lat' dir='ltr'>dei</span> <span class='ocrx_word' id='word_1_154' title='bbox 448 2730 567 2812; x_wconf 89' lang='lat' dir='ltr'>figuras</span> <span class='ocrx_word' id='word_1_155' title='bbox 598 2729 705 2810; x_wconf 92' lang='lat' dir='ltr'>quiete</span> <span class='ocrx_word' id='word_1_156' title='bbox 735 2738 876 2792; x_wconf 87' lang='lat' dir='ltr'>astantes</span> <span class='ocrx_word' id='word_1_157' title='bbox 905 2730 940 2792; x_wconf 92' lang='lat' dir='ltr'>in</span> <span class='ocrx_word' id='word_1_158' title='bbox 970 2729 1084 2792; x_wconf 90' lang='lat' dir='ltr'>statuis</span> <span class='ocrx_word' id='word_1_159' title='bbox 1113 2728 1212 2811; x_wconf 90' lang='lat' dir='ltr'>fingi,</span> <span class='ocrx_word' id='word_1_160' title='bbox 1246 2750 1312 2790; x_wconf 90' lang='lat' dir='ltr'>uuo</span> <span class='ocrx_word' id='word_1_161' title='bbox 1412 2747 1415 2753; x_wconf 90' lang='grc'><strong><em>·</em></strong></span> 
     </span>
    </p>
   </div>
   <div class='ocr_carea' id='block_1_6' title="bbox 153 2836 1316 4326">
    <p class='ocr_par' dir='ltr' id='par_1_6' title="bbox 153 2836 1314 3785">
     <span class='ocr_line' id='line_1_24' title="bbox 183 2836 1314 2920; baseline -0.004 -20"><span class='ocrx_word' id='word_1_162' title='bbox 183 2837 396 2900; x_wconf 89' lang='lat' dir='ltr'>Parthenonis</span> <span class='ocrx_word' id='word_1_163' title='bbox 420 2836 543 2920; x_wconf 85' lang='lat' dir='ltr'>fastigii</span> <span class='ocrx_word' id='word_1_164' title='bbox 566 2836 738 2898; x_wconf 85' lang='lat' dir='ltr'>simulacro</span> <span class='ocrx_word' id='word_1_165' title='bbox 761 2846 906 2919; x_wconf 84' lang='lat' dir='ltr'>excepto,</span> <span class='ocrx_word' id='word_1_166' title='bbox 932 2838 966 2898; x_wconf 91' lang='lat' dir='ltr'>in</span> <span class='ocrx_word' id='word_1_167' title='bbox 989 2836 1075 2898; x_wconf 90' lang='lat' dir='ltr'>vasis</span> <span class='ocrx_word' id='word_1_168' title='bbox 1098 2858 1171 2898; x_wconf 91' lang='lat' dir='ltr'>vero</span> <span class='ocrx_word' id='word_1_169' title='bbox 1202 2844 1314 2918; x_wconf 88' lang='lat' dir='ltr'>postea</span> 
     </span>
     <span class='ocr_line' id='line_1_25' title="bbox 172 2940 1310 3027; baseline -0.002 -20"><span class='ocrx_word' id='word_1_170' title='bbox 172 2940 276 3008; x_wconf 76' lang='lat' dir='ltr'>‘factis</span> <span class='ocrx_word' id='word_1_171' title='bbox 299 2967 365 3007; x_wconf 89' lang='lat' dir='ltr'>non</span> <span class='ocrx_word' id='word_1_172' title='bbox 389 2943 493 3007; x_wconf 91' lang='lat' dir='ltr'>solum</span> <span class='ocrx_word' id='word_1_173' title='bbox 521 2944 648 3007; x_wconf 85' lang='lat' dir='ltr'>turbide</span> <span class='ocrx_word' id='word_1_174' title='bbox 676 2944 894 3027; x_wconf 88' lang='lat' dir='ltr'>ingredientes</span> <span class='ocrx_word' id='word_1_175' title='bbox 923 2945 971 3025; x_wconf 79' lang='lat' dir='ltr'>(n.</span> <span class='ocrx_word' id='word_1_176' title='bbox 999 2967 1027 3006; x_wconf 94' lang='lat' dir='ltr'>o.</span> <span class='ocrx_word' id='word_1_177' title='bbox 1054 2944 1115 3027; x_wconf 76' lang='lat' dir='ltr'>p),</span> <span class='ocrx_word' id='word_1_178' title='bbox 1140 2952 1178 3005; x_wconf 89' lang='lat' dir='ltr'>ut</span> <span class='ocrx_word' id='word_1_179' title='bbox 1204 2952 1310 3018; x_wconf 89' lang='lat' dir='ltr'>antea,</span> 
     </span>
     <span class='ocr_line' id='line_1_26' title="bbox 183 3050 1312 3134; baseline -0.003 -19"><span class='ocrx_word' id='word_1_180' title='bbox 183 3054 239 3116; x_wconf 89' lang='lat' dir='ltr'>sed</span> <span class='ocrx_word' id='word_1_181' title='bbox 268 3053 364 3115; x_wconf 88' lang='lat' dir='ltr'>ctiam</span> <span class='ocrx_word' id='word_1_182' title='bbox 394 3060 516 3114; x_wconf 90' lang='lat' dir='ltr'>stantes</span> <span class='ocrx_word' id='word_1_183' title='bbox 545 3053 593 3133; x_wconf 87' lang='lat' dir='ltr'>(k.</span> <span class='ocrx_word' id='word_1_184' title='bbox 618 3050 641 3112; x_wconf 88' lang='lat' dir='ltr'>l.</span> <span class='ocrx_word' id='word_1_185' title='bbox 666 3051 721 3133; x_wconf 78' lang='lat' dir='ltr'>m.)</span> <span class='ocrx_word' id='word_1_186' title='bbox 757 3059 789 3112; x_wconf 87' lang='lat' dir='ltr'>et</span> <span class='ocrx_word' id='word_1_187' title='bbox 817 3052 965 3114; x_wconf 87' lang='lat' dir='ltr'>sedentes</span> <span class='ocrx_word' id='word_1_188' title='bbox 993 3051 1040 3134; x_wconf 81' lang='lat' dir='ltr'>(q.</span> <span class='ocrx_word' id='word_1_189' title='bbox 1065 3050 1103 3133; x_wconf 79' lang='grc'>1.)</span> <span class='ocrx_word' id='word_1_190' title='bbox 1131 3051 1233 3134; x_wconf 85' lang='lat' dir='ltr'>pingi,</span> <span class='ocrx_word' id='word_1_191' title='bbox 1259 3051 1312 3112; x_wconf 92' lang='lat' dir='ltr'>in-</span> 
     </span>
     <span class='ocr_line' id='line_1_27' title="bbox 182 3158 1312 3244; baseline -0.003 -21"><span class='ocrx_word' id='word_1_192' title='bbox 182 3161 294 3244; x_wconf 91' lang='lat' dir='ltr'>primis</span> <span class='ocrx_word' id='word_1_193' title='bbox 316 3170 429 3224; x_wconf 85' lang='lat' dir='ltr'>notatu</span> <span class='ocrx_word' id='word_1_194' title='bbox 452 3161 587 3244; x_wconf 88' lang='lat' dir='ltr'>dignum</span> <span class='ocrx_word' id='word_1_195' title='bbox 610 3169 669 3222; x_wconf 89' lang='lat' dir='ltr'>est.</span> <span class='ocrx_word' id='word_1_196' title='bbox 717 3158 888 3242; x_wconf 84' lang='lat' dir='ltr'>Sequitur,</span> <span class='ocrx_word' id='word_1_197' title='bbox 912 3159 993 3222; x_wconf 89' lang='lat' dir='ltr'>hoce</span> <span class='ocrx_word' id='word_1_198' title='bbox 1022 3159 1136 3222; x_wconf 90' lang='lat' dir='ltr'>habitu</span> <span class='ocrx_word' id='word_1_199' title='bbox 1166 3159 1231 3221; x_wconf 88' lang='lat' dir='ltr'>vim</span> <span class='ocrx_word' id='word_1_200' title='bbox 1253 3181 1312 3220; x_wconf 91' lang='lat' dir='ltr'>na-</span> 
     </span>
     <span class='ocr_line' id='line_1_28' title="bbox 183 3265 1313 3352; baseline -0.004 -20"><span class='ocrx_word' id='word_1_201' title='bbox 183 3279 351 3352; x_wconf 91' lang='lat' dir='ltr'>turamque</span> <span class='ocrx_word' id='word_1_202' title='bbox 381 3269 433 3331; x_wconf 89' lang='lat' dir='ltr'>dei</span> <span class='ocrx_word' id='word_1_203' title='bbox 462 3269 582 3351; x_wconf 89' lang='lat' dir='ltr'>optime</span> <span class='ocrx_word' id='word_1_204' title='bbox 612 3268 749 3352; x_wconf 86' lang='lat' dir='ltr'>exprimi</span> <span class='ocrx_word' id='word_1_205' title='bbox 778 3289 872 3352; x_wconf 90' lang='lat' dir='ltr'>posse</span> <span class='ocrx_word' id='word_1_206' title='bbox 901 3268 1003 3330; x_wconf 86' lang='lat' dir='ltr'>visam</span> <span class='ocrx_word' id='word_1_207' title='bbox 1033 3288 1102 3330; x_wconf 88' lang='lat' dir='ltr'>esse</span> <span class='ocrx_word' id='word_1_208' title='bbox 1137 3265 1313 3328; x_wconf 88' lang='lat' dir='ltr'>artificibus</span> 
     </span>
     <span class='ocr_line' id='line_1_29' title="bbox 153 3360 1313 3467; baseline -0.003 -28"><span class='ocrx_word' id='word_1_209' title='bbox 153 3360 155 3364; x_wconf 6' lang='grc' dir='ltr'><strong>λ</strong></span> <span class='ocrx_word' id='word_1_210' title='bbox 184 3367 296 3439; x_wconf 78' lang='lat' dir='ltr'>aetatis</span> <span class='ocrx_word' id='word_1_211' title='bbox 324 3376 520 3460; x_wconf 88' lang='lat' dir='ltr'>posterioris.</span> <span class='ocrx_word' id='word_1_212' title='bbox 568 3376 631 3439; x_wconf 84' lang='lat' dir='ltr'>Sed</span> <span class='ocrx_word' id='word_1_213' title='bbox 660 3375 731 3438; x_wconf 90' lang='lat' dir='ltr'>illas</span> <span class='ocrx_word' id='word_1_214' title='bbox 761 3376 880 3459; x_wconf 87' lang='lat' dir='ltr'>figuras</span> <span class='ocrx_word' id='word_1_215' title='bbox 910 3376 1074 3460; x_wconf 89' lang='lat' dir='ltr'>pingendo</span> <span class='ocrx_word' id='word_1_216' title='bbox 1097 3373 1313 3467; x_wconf 84' lang='lat' dir='ltr'>sculpendove</span> 
     </span>
     <span class='ocr_line' id='line_1_30' title="bbox 182 3482 1313 3568; baseline -0.004 -21"><span class='ocrx_word' id='word_1_217' title='bbox 182 3486 342 3568; x_wconf 87' lang='lat' dir='ltr'>fingentes</span> <span class='ocrx_word' id='word_1_218' title='bbox 365 3484 420 3546; x_wconf 83' lang='lat' dir='ltr'>vix</span> <span class='ocrx_word' id='word_1_219' title='bbox 442 3484 519 3546; x_wconf 91' lang='lat' dir='ltr'>novi</span> <span class='ocrx_word' id='word_1_220' title='bbox 540 3482 663 3565; x_wconf 90' lang='lat' dir='ltr'>aliquid</span> <span class='ocrx_word' id='word_1_221' title='bbox 686 3483 846 3547; x_wconf 90' lang='lat' dir='ltr'>addidisse</span> <span class='ocrx_word' id='word_1_222' title='bbox 875 3484 1013 3567; x_wconf 86' lang='lat' dir='ltr'>putandi</span> <span class='ocrx_word' id='word_1_223' title='bbox 1036 3491 1113 3545; x_wconf 89' lang='lat' dir='ltr'>sunt</span> <span class='ocrx_word' id='word_1_224' title='bbox 1135 3482 1213 3557; x_wconf 88' lang='lat' dir='ltr'>arti,</span> <span class='ocrx_word' id='word_1_225' title='bbox 1239 3503 1313 3545; x_wconf 83' lang='lat' dir='ltr'>cum</span> 
     </span>
     <span class='ocr_line' id='line_1_31' title="bbox 183 3590 1314 3676; baseline -0.004 -20"><span class='ocrx_word' id='word_1_226' title='bbox 183 3594 217 3657; x_wconf 92' lang='lat' dir='ltr'>id</span> <span class='ocrx_word' id='word_1_227' title='bbox 239 3602 365 3656; x_wconf 87' lang='lat' dir='ltr'>tantum</span> <span class='ocrx_word' id='word_1_228' title='bbox 388 3590 568 3676; x_wconf 85' lang='lat' dir='ltr'>expolirent</span> <span class='ocrx_word' id='word_1_229' title='bbox 590 3590 846 3674; x_wconf 87' lang='lat' dir='ltr'>excolerentque,</span> <span class='ocrx_word' id='word_1_230' title='bbox 864 3593 950 3675; x_wconf 93' lang='lat' dir='ltr'>quod</span> <span class='ocrx_word' id='word_1_231' title='bbox 970 3591 1075 3674; x_wconf 90' lang='lat' dir='ltr'>prisca</span> <span class='ocrx_word' id='word_1_232' title='bbox 1090 3599 1156 3652; x_wconf 88' lang='lat' dir='ltr'>arte</span> <span class='ocrx_word' id='word_1_233' title='bbox 1173 3600 1314 3652; x_wconf 83' lang='lat' dir='ltr'>creatum</span> 
     </span>
     <span class='ocr_line' id='line_1_32' title="bbox 182 3709 379 3785; baseline -0.005 -22"><span class='ocrx_word' id='word_1_234' title='bbox 182 3709 379 3785; x_wconf 87' lang='lat' dir='ltr'>receperant.</span> 
     </span>
    </p>

    <p class='ocr_par' dir='ltr' id='par_1_7' title="bbox 184 3800 1316 4326">
     <span class='ocr_line' id='line_1_33' title="bbox 268 3800 1316 3880; baseline -0.005 -9"><span class='ocrx_word' id='word_1_235' title='bbox 268 3810 320 3873; x_wconf 90' lang='lat' dir='ltr'>Ne</span> <span class='ocrx_word' id='word_1_236' title='bbox 349 3818 456 3871; x_wconf 89' lang='lat' dir='ltr'>tamen</span> <span class='ocrx_word' id='word_1_237' title='bbox 490 3809 598 3870; x_wconf 89' lang='lat' dir='ltr'>omnia</span> <span class='ocrx_word' id='word_1_238' title='bbox 630 3800 806 3870; x_wconf 85' lang='lat' dir='ltr'>detractare</span> <span class='ocrx_word' id='word_1_239' title='bbox 839 3807 1005 3869; x_wconf 87' lang='lat' dir='ltr'>videamur</span> <span class='ocrx_word' id='word_1_240' title='bbox 1038 3807 1098 3870; x_wconf 90' lang='lat' dir='ltr'>arti</span> <span class='ocrx_word' id='word_1_241' title='bbox 1131 3804 1316 3880; x_wconf 82' lang='lat' dir='ltr'>recentiori,</span> 
     </span>
     <span class='ocr_line' id='line_1_34' title="bbox 184 3913 1312 4000; baseline -0.007 -19"><span class='ocrx_word' id='word_1_242' title='bbox 184 3919 301 3981; x_wconf 85' lang='lat' dir='ltr'>creavit</span> <span class='ocrx_word' id='word_1_243' title='bbox 328 3917 385 3980; x_wconf 90' lang='lat' dir='ltr'>illa</span> <span class='ocrx_word' id='word_1_244' title='bbox 417 3938 534 3979; x_wconf 86' lang='lat' dir='ltr'>novam</span> <span class='ocrx_word' id='word_1_245' title='bbox 570 3917 795 4000; x_wconf 84' lang='lat' dir='ltr'>propriamque</span> <span class='ocrx_word' id='word_1_246' title='bbox 825 3916 877 3978; x_wconf 90' lang='lat' dir='ltr'>dei</span> <span class='ocrx_word' id='word_1_247' title='bbox 904 3915 1051 3998; x_wconf 87' lang='lat' dir='ltr'>figuram.</span> <span class='ocrx_word' id='word_1_248' title='bbox 1106 3913 1199 3976; x_wconf 92' lang='lat' dir='ltr'>Illam</span> <span class='ocrx_word' id='word_1_249' title='bbox 1228 3913 1312 3988; x_wconf 85' lang='lat' dir='ltr'>dioc,</span> 
     </span>
     <span class='ocr_line' id='line_1_35' title="bbox 186 4021 1315 4090; baseline -0.007 -1"><span class='ocrx_word' id='word_1_250' title='bbox 186 4027 278 4090; x_wconf 90' lang='lat' dir='ltr'>cuius</span> <span class='ocrx_word' id='word_1_251' title='bbox 300 4026 447 4088; x_wconf 88' lang='lat' dir='ltr'>habitum</span> <span class='ocrx_word' id='word_1_252' title='bbox 470 4046 510 4087; x_wconf 87' lang='lat' dir='ltr'>ex</span> <span class='ocrx_word' id='word_1_253' title='bbox 532 4034 702 4087; x_wconf 88' lang='lat' dir='ltr'>nautarum</span> <span class='ocrx_word' id='word_1_254' title='bbox 724 4045 810 4086; x_wconf 89' lang='lat' dir='ltr'>more</span> <span class='ocrx_word' id='word_1_255' title='bbox 833 4032 865 4085; x_wconf 90' lang='lat' dir='ltr'>et</span> <span class='ocrx_word' id='word_1_256' title='bbox 890 4023 1124 4086; x_wconf 90' lang='lat' dir='ltr'>cousuetudine</span> <span class='ocrx_word' id='word_1_257' title='bbox 1168 4021 1230 4084; x_wconf 90' lang='lat' dir='ltr'>sibi</span> <span class='ocrx_word' id='word_1_258' title='bbox 1251 4022 1315 4082; x_wconf 89' lang='lat' dir='ltr'>fin-</span> 
     </span>
     <span class='ocr_line' id='line_1_36' title="bbox 185 4128 1316 4212; baseline -0.008 -14"><span class='ocrx_word' id='word_1_259' title='bbox 185 4135 271 4198; x_wconf 83' lang='lat' dir='ltr'>xisse</span> <span class='ocrx_word' id='word_1_260' title='bbox 295 4135 444 4197; x_wconf 87' lang='lat' dir='ltr'>videntur</span> <span class='ocrx_word' id='word_1_261' title='bbox 466 4133 614 4196; x_wconf 88' lang='lat' dir='ltr'>artifices.</span> <span class='ocrx_word' id='word_1_262' title='bbox 661 4133 747 4194; x_wconf 91' lang='lat' dir='ltr'>Pede</span> <span class='ocrx_word' id='word_1_263' title='bbox 770 4131 857 4194; x_wconf 90' lang='lat' dir='ltr'>enim</span> <span class='ocrx_word' id='word_1_264' title='bbox 879 4131 1004 4194; x_wconf 86' lang='lat' dir='ltr'>sublato</span> <span class='ocrx_word' id='word_1_265' title='bbox 1035 4152 1111 4192; x_wconf 84' lang='lat' dir='ltr'>saxo</span> <span class='ocrx_word' id='word_1_266' title='bbox 1142 4128 1193 4191; x_wconf 88' lang='lat' dir='ltr'>vel</span> <span class='ocrx_word' id='word_1_267' title='bbox 1222 4150 1316 4212; x_wconf 92' lang='lat' dir='ltr'>prora</span> 
     </span>
     <span class='ocr_line' id='line_1_37' title="bbox 187 4237 1315 4326; baseline -0.009 -20"><span class='ocrx_word' id='word_1_268' title='bbox 187 4242 238 4306; x_wconf 90' lang='lat' dir='ltr'>vel</span> <span class='ocrx_word' id='word_1_269' title='bbox 265 4241 417 4326; x_wconf 89' lang='lat' dir='ltr'>delphine</span> <span class='ocrx_word' id='word_1_270' title='bbox 448 4242 564 4316; x_wconf 84' lang='lat' dir='ltr'>nixus,</span> <span class='ocrx_word' id='word_1_271' title='bbox 600 4241 711 4305; x_wconf 83' lang='lat' dir='ltr'>dextra</span> <span class='ocrx_word' id='word_1_272' title='bbox 741 4241 878 4303; x_wconf 87' lang='lat' dir='ltr'>tridente</span> <span class='ocrx_word' id='word_1_273' title='bbox 908 4238 1059 4301; x_wconf 89' lang='lat' dir='ltr'>innititur</span> <span class='ocrx_word' id='word_1_274' title='bbox 1089 4237 1168 4299; x_wconf 88' lang='lat' dir='ltr'>deus</span> <span class='ocrx_word' id='word_1_275' title='bbox 1191 4237 1315 4303; x_wconf 88' lang='lat' dir='ltr'>intente</span> 
     </span>
    </p>
   </div>
   <div class='ocr_carea' id='block_1_7' title="bbox 0 0 1507 4912">
    <p class='ocr_par' dir='ltr' id='par_1_8' title="bbox 0 0 1507 4912">
     <span class='ocr_line' id='line_1_38' title="bbox 0 0 1507 4912; baseline 0 0"><span class='ocrx_word' id='word_1_276' title='bbox 0 0 1507 4912; x_wconf 95' lang='lat' dir='ltr'> </span> 
     </span>
    </p>
   </div>
  </div>
 </body>
</html>
