2986 4912
692 289 728 350 31

147 477 227 532 esse,
253 478 315 539 quo
338 458 477 541 pictores
499 455 592 540 nigro
615 458 720 522 colore
742 458 862 540 figuras
883 459 1017 543 implere
1032 460 1128 523 modo
1143 460 1271 524 desine-

146 564 241 639 bant,
273 565 301 628 si
333 566 374 628 ad
395 565 554 649 picturam
575 566 607 628 R
628 567 830 650 respicimus,
855 567 1027 630 verisimile
1049 552 1113 631 fit.'
1145 569 1273 635 Quam-

145 692 242 753 quam
271 694 337 735 non
366 673 499 754 ignarus
528 695 619 751 sum,
650 675 731 738 mihi
758 674 842 738 obici
870 696 985 758 posse,
1020 675 1104 739 hanc
1134 697 1203 740 rem
1232 677 1273 741 od

144 778 293 863 Neptuni
320 782 536 845 definiendam
566 783 705 866 speciem
733 783 867 847 minoris
897 803 966 846 esse
995 783 1167 860 momenti,
1197 805 1273 847 oum

143 886 214 950 Iovi
243 910 370 972 quoque
391 890 497 954 brevis
520 891 655 975 capillus
679 893 807 976 saepius
829 892 1003 955 attributus
1025 891 1078 955 sit.
1126 891 1188 955 Sed
1209 891 1272 955 hoe

144 1016 223 1058 mox
244 996 360 1060 melius
381 998 597 1083 intellegetur.

229 1104 379 1189 Denique
410 1128 451 1169 ex
484 1107 740 1191 anaglyphorum
773 1129 906 1171 numero
938 1108 979 1171 ad
1007 1107 1096 1170 hunc
1126 1106 1272 1171 ordinem
1307 1176 1309 1187 Ι

144 1212 224 1274 duo·
243 1212 282 1296 (3.
309 1217 351 1297 4.)
388 1225 548 1297 spectant,
579 1216 644 1279 nisi
672 1215 753 1280 forte
782 1216 871 1279 illam
899 1216 951 1279 dei
980 1216 1117 1299 figuram
1145 1214 1168 1297 (1
1178 1216 1196 1300 .)
1225 1216 1270 1281 eis

144 1321 260 1385 addere
282 1322 380 1399 velis,
413 1345 509 1407 quam
532 1325 599 1387 solo
621 1325 720 1408 pallio
743 1325 783 1388 ad
805 1302 991 1388 recentidris
1014 1322 1128 1387 aetatis
1149 1343 1271 1385 morem

143 1428 292 1492 indutam
322 1452 391 1495 esse
419 1434 653 1516 perspeximus.
701 1433 833 1497 Utinam
861 1433 985 1516 priscae
1013 1432 1111 1495 huius
1143 1431 1272 1515 generis

144 1536 221 1599 artis
251 1537 343 1621 plura
372 1541 466 1603 nobis
489 1550 613 1604 servata
635 1551 743 1605 essent
765 1540 991 1604 monumenta!
1031 1538 1178 1603 Profecto
1200 1539 1271 1623 pic-

144 1645 225 1708 turis
258 1649 389 1712 vasariis
419 1650 520 1712 multo
548 1648 664 1712 clarius
692 1651 964 1725 demonstrarent,
999 1657 1158 1731 quantum
1191 1668 1270 1709 con-

145 1752 256 1816 tulerit
276 1756 383 1839 prisca
405 1779 455 1820 ars
477 1757 587 1820 adulta
609 1757 650 1820 ad
665 1758 812 1841 Neptuni
834 1778 993 1820 summam
1016 1754 1267 1820 absolutionem!

142 1861 191 1923 Ac
220 1862 360 1946 primum
387 1865 518 1948 quidem
544 1866 623 1948 quid
649 1865 706 1942 sit,
738 1867 824 1948 quod
844 1865 1036 1949 Neptunum
1066 1863 1182 1926 anve
1210 1885 1268 1946 op-

142 1969 221 2033 time
242 1971 413 2051 discernat,
439 1994 479 2036 ex
501 1974 695 2058 anaglypho,
720 1975 805 2057 quod
827 1973 921 2035 nobis
937 1983 985 2036 est
1000 1980 1160 2054 quartum,
1185 1969 1268 2035 clare

142 2076 293 2160 pellucet.
341 2081 437 2147 Quod
470 2081 566 2145 deum
599 2083 692 2145 nobis
726 2081 878 2166 proponit
910 2080 1003 2143 vultu
1037 2100 1166 2155 severo,
1201 2100 1268 2142 uon

142 2197 280 2271 augusto
310 2210 423 2266 usum,
453 2212 549 2273 quem
580 2189 639 2253 etsi
663 2190 811 2253 deessent
833 2189 986 2252 attributa
1008 2186 1150 2272 profecto
1173 2207 1268 2249 nemo

140 2293 251 2358 Iovem
284 2307 422 2380 putaret.
469 2298 532 2361 Sed
564 2297 619 2360 illo
650 2309 792 2381 tempore
827 2297 1020 2381 sculptores,
1056 2304 1094 2358 ut
1121 2293 1269 2378 Neptuni

140 2401 267 2466 vultum
288 2405 371 2468 bene
395 2406 622 2489 exprimerent,
647 2407 792 2469 nondum
815 2405 891 2468 satis
913 2404 1065 2480 valuisse,
1089 2403 1143 2465 dei
1164 2402 1268 2484 figura

140 2509 176 2571 in
203 2532 257 2574 ura
278 2512 458 2577 Albanensi
487 2516 662 2600 conspicua
684 2515 795 2589 docet,
828 2535 909 2596 quae
931 2513 972 2575 ad
993 2511 1103 2574 Iovem
1125 2509 1269 2573 eiusdem

139 2622 343 2684 mouumenti
364 2620 510 2706 proxime
532 2624 663 2687 accedit.
703 2623 856 2686 Attamen
878 2622 968 2684 iuvat
988 2619 1092 2704 prima
1113 2636 1268 2700 cognosse

138 2724 244 2790 initia.
290 2730 397 2813 Atque
419 2732 532 2794 eodem
553 2730 621 2794 sere
642 2741 786 2814 tempore
807 2728 942 2813 pallium
964 2728 1053 2791 nudo
1075 2725 1200 2810 corpori
1222 2725 1268 2788 ita

138 2836 307 2913 iniectum,
326 2848 363 2901 ut
377 2839 522 2923 partibus
538 2838 744 2901 inferioribus
762 2837 875 2901 velatis
891 2858 1021 2900 umerus
1035 2833 1266 2915 brachiumque

138 2945 289 3008 dextrum
311 2956 457 3030 apertum
481 2946 533 3023 sit,
551 2947 608 3030 qui
624 2946 752 3008 habitus
768 2955 879 3029 postea
893 2945 928 3007 in
943 2945 1114 3028 longarum
1128 2940 1266 3005 vestium

136 3050 248 3116 locum
269 3054 467 3130 successerit,
492 3053 597 3138 sculpi
619 3064 770 3137 coeptum
786 3074 866 3130 esse,
887 3053 951 3115 iam
966 3073 1062 3135 supra
1076 3049 1172 3134 primi
1187 3068 1265 3111 arra-

137 3160 253 3245 glyphi
275 3161 396 3224 auxilio
418 3161 669 3225 enucleavimus.
703 3162 800 3228 Quod
815 3181 889 3223 cum
903 3161 948 3223 ita
963 3160 1015 3235 sit,
1032 3158 1150 3221 mirum
1165 3153 1266 3219 videri

66 3286 69 3293 ·
136 3289 207 3331 non
229 3278 345 3353 potest,
369 3269 463 3332 illum
484 3269 575 3352 pallii
596 3268 743 3333 habitum
765 3291 785 3331 a
805 3269 909 3352 prisco
936 3287 1083 3330 vasorum
1105 3264 1266 3348 pictorum

137 3394 256 3458 genere
278 3375 421 3439 alienum
443 3398 521 3440 esse.
561 3377 709 3459 Insignes
732 3376 819 3438 enim
841 3377 916 3439 artis
931 3394 1118 3459 progressus
1140 3391 1265 3453 semper

138 3483 248 3567 paullo
271 3485 371 3547 serius
393 3506 412 3546 a
433 3483 611 3568 pictoribus
634 3484 764 3547 vasariis
786 3493 929 3567 receptos
953 3503 1023 3545 esse
1045 3490 1182 3543 constat.

223 3694 377 3759 Ordine
401 3696 578 3759 secundo
598 3694 745 3778 Neptuni
759 3695 878 3778 figuras
894 3693 1093 3755 vestimentis
1107 3690 1262 3755 breviori-

132 3804 197 3867 bus
214 3805 344 3867 amictas
359 3804 517 3867 contineri
532 3802 705 3866 voluimus.
741 3804 829 3869 Quas
845 3802 873 3864 si
895 3801 1002 3863 denuo
1017 3799 1260 3883 perlustramus,

134 3934 188 3975 res
218 3935 296 3977 sanc
324 3909 540 3975 memorabilis
568 3912 719 3975 cernitur.
766 3912 887 3972 Omnes
910 3908 997 3971 euim
1019 3908 1059 3971 ad
1082 3927 1180 3969 unam
1202 3926 1261 3967 ca-

134 4019 217 4105 pillo
238 4021 383 4083 breviore
411 4020 490 4099 (ΛΑ.
515 4018 554 4079 Ε.
580 4041 613 4080 11.
639 4041 672 4080 u.
698 4041 729 4080 v.
747 4028 770 4079 t.
788 4039 842 4100 y.;
867 4016 995 4099 *r.)⁷²),
1020 4016 1073 4077 cui
1095 4012 1262 4096 orobyluru

207 4159 247 4221 tr)
269 4156 351 4215 Quod
374 4172 429 4208 non
453 4155 542 4208 minus
565 4153 700 4223 praeclare
724 4153 797 4207 cadit
826 4153 854 4205 in
880 4153 1012 4229 picturum
1039 4167 1119 4221 supra
1148 4156 1195 4215 (nt.
1216 4152 1259 4213 68)

132 4243 253 4308 allatam,
268 4263 337 4312 quae
355 4242 475 4295 crinibus
493 4241 521 4293 in
539 4240 623 4293 cirros
635 4240 798 4293 exeuntibus
816 4256 944 4293 coronam
959 4237 1112 4307 impositam
1130 4235 1260 4289 ostendit.
