<?xml version="1.0" encoding="UTF-8"?>
<!DOCTYPE html PUBLIC "-//W3C//DTD XHTML 1.0 Transitional//EN"
    "http://www.w3.org/TR/xhtml1/DTD/xhtml1-transitional.dtd">
<html xmlns="http://www.w3.org/1999/xhtml" xml:lang="en" lang="en">
 <head>
  <title>
</title>
<meta http-equiv="Content-Type" content="text/html;charset=utf-8" />
  <meta name='ocr-system' content='tesseract 3.04.00' />
  <meta name='ocr-capabilities' content='ocr_page ocr_carea ocr_par ocr_line ocrx_word'/>
</head>
<body>
  <div class='ocr_page' id='page_1' title='image "./deantiquissiman00manigoog_0033.png"; bbox 0 0 2986 4912; ppageno 0'>
   <div class='ocr_carea' id='block_1_1' title="bbox 721 305 761 365">
    <p class='ocr_par' dir='ltr' id='par_1_1' title="bbox 721 305 761 365">
     <span class='ocr_line' id='line_1_1' title="bbox 721 305 761 365; baseline 0 0"><span class='ocrx_word' id='word_1_1' title='bbox 721 305 761 365; x_wconf 79' lang='lat'>24</span> 
     </span>
    </p>
   </div>
   <div class='ocr_carea' id='block_1_2' title="bbox 121 457 1313 1634">
    <p class='ocr_par' dir='ltr' id='par_1_2' title="bbox 121 457 1313 1634">
     <span class='ocr_line' id='line_1_2' title="bbox 121 457 1308 560; baseline -0.005 -22"><span class='ocrx_word' id='word_1_2' title='bbox 121 457 124 469; x_wconf 36' lang='lat'><strong><em>⁴</em></strong></span> <span class='ocrx_word' id='word_1_3' title='bbox 185 498 282 560; x_wconf 85' lang='lat' dir='ltr'>rugas</span> <span class='ocrx_word' id='word_1_4' title='bbox 305 477 460 558; x_wconf 82' lang='lat' dir='ltr'>sinusque</span> <span class='ocrx_word' id='word_1_5' title='bbox 483 477 683 539; x_wconf 83' lang='lat' dir='ltr'>abundanter</span> <span class='ocrx_word' id='word_1_6' title='bbox 706 497 872 558; x_wconf 82' lang='lat' dir='ltr'>expressos</span> <span class='ocrx_word' id='word_1_7' title='bbox 901 474 948 556; x_wconf 89' lang='lat' dir='ltr'>(A.</span> <span class='ocrx_word' id='word_1_8' title='bbox 968 477 1005 537; x_wconf 92' lang='lat' dir='ltr'>B.</span> <span class='ocrx_word' id='word_1_9' title='bbox 1024 475 1090 558; x_wconf 72' lang='lat' dir='ltr'>R).</span> <span class='ocrx_word' id='word_1_10' title='bbox 1130 472 1219 538; x_wconf 77' lang='lat' dir='ltr'>Quid</span> <span class='ocrx_word' id='word_1_11' title='bbox 1232 492 1308 534; x_wconf 87' lang='lat' dir='ltr'>vero</span> 
     </span>
     <span class='ocr_line' id='line_1_3' title="bbox 185 576 1305 666; baseline -0.004 -20"><span class='ocrx_word' id='word_1_12' title='bbox 185 585 224 646; x_wconf 92' lang='lat' dir='ltr'>de</span> <span class='ocrx_word' id='word_1_13' title='bbox 247 584 381 666; x_wconf 92' lang='lat' dir='ltr'>picturis</span> <span class='ocrx_word' id='word_1_14' title='bbox 403 582 534 646; x_wconf 92' lang='lat' dir='ltr'>ineditis</span> <span class='ocrx_word' id='word_1_15' title='bbox 557 583 621 645; x_wconf 90' lang='lat' dir='ltr'>huc</span> <span class='ocrx_word' id='word_1_16' title='bbox 643 583 818 647; x_wconf 81' lang='lat' dir='ltr'><strong>referendis</strong></span> <span class='ocrx_word' id='word_1_17' title='bbox 847 581 914 663; x_wconf 61' lang='grc' dir='ltr'>(Ἃ.</span> <span class='ocrx_word' id='word_1_18' title='bbox 933 580 990 644; x_wconf 83' lang='lat' dir='ltr'>*B.</span> <span class='ocrx_word' id='word_1_19' title='bbox 1008 582 1067 644; x_wconf 87' lang='lat' dir='ltr'>*D.</span> <span class='ocrx_word' id='word_1_20' title='bbox 1087 581 1144 643; x_wconf 82' lang='lat' dir='ltr'>*E.</span> <span class='ocrx_word' id='word_1_21' title='bbox 1161 579 1223 643; x_wconf 84' lang='lat' dir='ltr'>*G.</span> <span class='ocrx_word' id='word_1_22' title='bbox 1240 576 1305 642; x_wconf 86' lang='lat' dir='ltr'>*K.</span> 
     </span>
     <span class='ocr_line' id='line_1_4' title="bbox 183 684 1310 775; baseline -0.004 -23"><span class='ocrx_word' id='word_1_23' title='bbox 183 690 247 753; x_wconf 83' lang='lat' dir='ltr'>*M.</span> <span class='ocrx_word' id='word_1_24' title='bbox 262 690 321 752; x_wconf 67' lang='grc' dir='ltr'>Ἥ.</span> <span class='ocrx_word' id='word_1_25' title='bbox 340 689 445 775; x_wconf 79' lang='lat' dir='ltr'>*an</span> <span class='ocrx_word' id='word_1_26' title='bbox 474 691 681 753; x_wconf 89' lang='lat' dir='ltr'>statuendum</span> <span class='ocrx_word' id='word_1_27' title='bbox 704 689 756 767; x_wconf 88' lang='lat' dir='ltr'>sit,</span> <span class='ocrx_word' id='word_1_28' title='bbox 781 690 883 753; x_wconf 90' lang='lat' dir='ltr'>multo</span> <span class='ocrx_word' id='word_1_29' title='bbox 910 690 1012 773; x_wconf 86' lang='lat' dir='ltr'>magis</span> <span class='ocrx_word' id='word_1_30' title='bbox 1031 691 1076 753; x_wconf 59' lang='lat' dir='ltr'>‘in</span> <span class='ocrx_word' id='word_1_31' title='bbox 1105 684 1227 751; x_wconf 86' lang='lat' dir='ltr'>incerto</span> <span class='ocrx_word' id='word_1_32' title='bbox 1256 708 1310 749; x_wconf 89' lang='lat' dir='ltr'>re·</span> 
     </span>
     <span class='ocr_line' id='line_1_5' title="bbox 183 797 1307 880; baseline -0.003 -20"><span class='ocrx_word' id='word_1_33' title='bbox 183 798 396 880; x_wconf 78' lang='lat' dir='ltr'>linquendum</span> <span class='ocrx_word' id='word_1_34' title='bbox 426 819 495 861; x_wconf 90' lang='lat' dir='ltr'>esse</span> <span class='ocrx_word' id='word_1_35' title='bbox 524 797 659 860; x_wconf 88' lang='lat' dir='ltr'>videtur.</span> <span class='ocrx_word' id='word_1_36' title='bbox 709 799 835 864; x_wconf 81' lang='lat' dir='ltr'>Quibus</span> <span class='ocrx_word' id='word_1_37' title='bbox 865 798 990 861; x_wconf 90' lang='lat' dir='ltr'>omissis</span> <span class='ocrx_word' id='word_1_38' title='bbox 1020 818 1140 880; x_wconf 91' lang='lat' dir='ltr'>paucae</span> <span class='ocrx_word' id='word_1_39' title='bbox 1173 803 1307 870; x_wconf 80' lang='lat' dir='ltr'>restant,</span> 
     </span>
     <span class='ocr_line' id='line_1_6' title="bbox 184 901 1311 989; baseline -0.004 -21"><span class='ocrx_word' id='word_1_40' title='bbox 184 927 266 988; x_wconf 92' lang='lat' dir='ltr'>quae</span> <span class='ocrx_word' id='word_1_41' title='bbox 288 907 385 968; x_wconf 91' lang='lat' dir='ltr'>deum</span> <span class='ocrx_word' id='word_1_42' title='bbox 409 905 475 967; x_wconf 89' lang='lat' dir='ltr'>solo</span> <span class='ocrx_word' id='word_1_43' title='bbox 497 903 595 987; x_wconf 89' lang='lat' dir='ltr'>pallio</span> <span class='ocrx_word' id='word_1_44' title='bbox 616 905 768 968; x_wconf 91' lang='lat' dir='ltr'>indutum</span> <span class='ocrx_word' id='word_1_45' title='bbox 797 907 966 989; x_wconf 89' lang='lat' dir='ltr'>perspicue</span> <span class='ocrx_word' id='word_1_46' title='bbox 988 907 1211 979; x_wconf 79' lang='lat' dir='ltr'>ostenderent,</span> <span class='ocrx_word' id='word_1_47' title='bbox 1244 901 1311 964; x_wconf 92' lang='lat' dir='ltr'>nisi</span> 
     </span>
     <span class='ocr_line' id='line_1_7' title="bbox 182 1000 1308 1098; baseline -0.003 -23"><span class='ocrx_word' id='word_1_48' title='bbox 182 1013 301 1077; x_wconf 91' lang='lat' dir='ltr'>limbus</span> <span class='ocrx_word' id='word_1_49' title='bbox 331 1013 460 1095; x_wconf 90' lang='lat' dir='ltr'>quidam</span> <span class='ocrx_word' id='word_1_50' title='bbox 490 1012 608 1074; x_wconf 91' lang='lat' dir='ltr'>collum</span> <span class='ocrx_word' id='word_1_51' title='bbox 636 1013 770 1098; x_wconf 85' lang='lat' dir='ltr'>cingens</span> <span class='ocrx_word' id='word_1_52' title='bbox 793 1013 1005 1096; x_wconf 85' lang='lat' dir='ltr'>suspitionem</span> <span class='ocrx_word' id='word_1_53' title='bbox 1033 1013 1127 1075; x_wconf 89' lang='lat' dir='ltr'>nobis</span> <span class='ocrx_word' id='word_1_54' title='bbox 1154 1000 1308 1086; x_wconf 67' lang='lat' dir='ltr'>moueret,</span> 
     </span>
     <span class='ocr_line' id='line_1_8' title="bbox 183 1119 1311 1204; baseline -0.003 -22"><span class='ocrx_word' id='word_1_55' title='bbox 183 1142 292 1183; x_wconf 90' lang='lat' dir='ltr'>nonne</span> <span class='ocrx_word' id='word_1_56' title='bbox 320 1119 417 1203; x_wconf 84' lang='lat' dir='ltr'>pallio</span> <span class='ocrx_word' id='word_1_57' title='bbox 451 1121 666 1183; x_wconf 82' lang='lat' dir='ltr'>abscondatur</span> <span class='ocrx_word' id='word_1_58' title='bbox 694 1120 804 1184; x_wconf 86' lang='lat' dir='ltr'>tunica</span> <span class='ocrx_word' id='word_1_59' title='bbox 831 1121 975 1197; x_wconf 85' lang='lat' dir='ltr'>brevior,</span> <span class='ocrx_word' id='word_1_60' title='bbox 1015 1143 1096 1204; x_wconf 93' lang='lat' dir='ltr'>quae</span> <span class='ocrx_word' id='word_1_61' title='bbox 1128 1119 1213 1182; x_wconf 82' lang='lat' dir='ltr'>infra</span> <span class='ocrx_word' id='word_1_62' title='bbox 1241 1141 1311 1180; x_wconf 91' lang='lat' dir='ltr'>non</span> 
     </span>
     <span class='ocr_line' id='line_1_9' title="bbox 185 1227 1311 1312; baseline -0.001 -22"><span class='ocrx_word' id='word_1_63' title='bbox 185 1228 401 1312; x_wconf 87' lang='lat' dir='ltr'>conspiciatur</span> <span class='ocrx_word' id='word_1_64' title='bbox 429 1227 474 1309; x_wconf 87' lang='lat' dir='ltr'>(L.</span> <span class='ocrx_word' id='word_1_65' title='bbox 494 1228 532 1290; x_wconf 93' lang='lat'>0.</span> <span class='ocrx_word' id='word_1_66' title='bbox 552 1228 621 1311; x_wconf 89' lang='lat' dir='ltr'>U.).</span> <span class='ocrx_word' id='word_1_67' title='bbox 668 1227 719 1290; x_wconf 89' lang='lat' dir='ltr'>Ne</span> <span class='ocrx_word' id='word_1_68' title='bbox 741 1237 848 1291; x_wconf 89' lang='lat' dir='ltr'>tamen</span> <span class='ocrx_word' id='word_1_69' title='bbox 864 1229 936 1310; x_wconf 91' lang='lat' dir='ltr'>quis</span> <span class='ocrx_word' id='word_1_70' title='bbox 960 1229 1076 1306; x_wconf 86' lang='lat' dir='ltr'>credat,</span> <span class='ocrx_word' id='word_1_71' title='bbox 1101 1228 1199 1290; x_wconf 92' lang='lat' dir='ltr'>huius</span> <span class='ocrx_word' id='word_1_72' title='bbox 1214 1227 1311 1290; x_wconf 84' lang='lat' dir='ltr'>habi-</span> 
     </span>
     <span class='ocr_line' id='line_1_10' title="bbox 184 1335 1311 1421; baseline 0 -24"><span class='ocrx_word' id='word_1_73' title='bbox 184 1346 236 1398; x_wconf 92' lang='lat' dir='ltr'>tus</span> <span class='ocrx_word' id='word_1_74' title='bbox 267 1335 449 1418; x_wconf 85' lang='lat' dir='ltr'>exemplum</span> <span class='ocrx_word' id='word_1_75' title='bbox 480 1335 686 1418; x_wconf 91' lang='lat' dir='ltr'>perspicuum</span> <span class='ocrx_word' id='word_1_76' title='bbox 713 1336 864 1418; x_wconf 89' lang='lat' dir='ltr'>praebere</span> <span class='ocrx_word' id='word_1_77' title='bbox 885 1337 1052 1421; x_wconf 85' lang='lat' dir='ltr'>picturam</span> <span class='ocrx_word' id='word_1_78' title='bbox 1081 1337 1129 1412; x_wconf 89' lang='lat' dir='ltr'>Y,</span> <span class='ocrx_word' id='word_1_79' title='bbox 1160 1337 1195 1398; x_wconf 92' lang='lat' dir='ltr'>in</span> <span class='ocrx_word' id='word_1_80' title='bbox 1223 1335 1311 1398; x_wconf 90' lang='lat' dir='ltr'>hanc</span> 
     </span>
     <span class='ocr_line' id='line_1_11' title="bbox 182 1442 1312 1525; baseline 0.002 -22"><span class='ocrx_word' id='word_1_81' title='bbox 182 1442 360 1504; x_wconf 88' lang='lat' dir='ltr'>accuratius</span> <span class='ocrx_word' id='word_1_82' title='bbox 382 1443 612 1525; x_wconf 88' lang='lat' dir='ltr'>inquirendum</span> <span class='ocrx_word' id='word_1_83' title='bbox 642 1465 710 1506; x_wconf 87' lang='lat' dir='ltr'>esse</span> <span class='ocrx_word' id='word_1_84' title='bbox 737 1444 873 1507; x_wconf 89' lang='lat' dir='ltr'>videtur.</span> <span class='ocrx_word' id='word_1_85' title='bbox 921 1444 1007 1506; x_wconf 91' lang='lat' dir='ltr'>Nam</span> <span class='ocrx_word' id='word_1_86' title='bbox 1027 1445 1073 1507; x_wconf 94' lang='lat' dir='ltr'>ibi</span> <span class='ocrx_word' id='word_1_87' title='bbox 1095 1444 1230 1508; x_wconf 84' lang='lat' dir='ltr'>vestitus</span> <span class='ocrx_word' id='word_1_88' title='bbox 1260 1453 1312 1506; x_wconf 90' lang='lat' dir='ltr'>est</span> 
     </span>
     <span class='ocr_line' id='line_1_12' title="bbox 183 1549 1313 1634; baseline 0.001 -22"><span class='ocrx_word' id='word_1_89' title='bbox 183 1550 261 1612; x_wconf 89' lang='lat' dir='ltr'>deus</span> <span class='ocrx_word' id='word_1_90' title='bbox 284 1549 380 1632; x_wconf 92' lang='lat' dir='ltr'>pallio</span> <span class='ocrx_word' id='word_1_91' title='bbox 401 1558 513 1633; x_wconf 87' lang='lat' dir='ltr'>peetus</span> <span class='ocrx_word' id='word_1_92' title='bbox 524 1551 756 1632; x_wconf 89' lang='lat' dir='ltr'>brachiumque</span> <span class='ocrx_word' id='word_1_93' title='bbox 768 1553 916 1614; x_wconf 87' lang='lat' dir='ltr'>dextrum</span> <span class='ocrx_word' id='word_1_94' title='bbox 938 1574 1004 1615; x_wconf 92' lang='lat' dir='ltr'>non</span> <span class='ocrx_word' id='word_1_95' title='bbox 1027 1561 1173 1634; x_wconf 85' lang='lat' dir='ltr'>tegente,</span> <span class='ocrx_word' id='word_1_96' title='bbox 1198 1552 1244 1615; x_wconf 86' lang='lat' dir='ltr'>ita</span> <span class='ocrx_word' id='word_1_97' title='bbox 1272 1561 1313 1613; x_wconf 89' lang='lat' dir='ltr'>ut</span> 
     </span>
    </p>
   </div>
   <div class='ocr_carea' id='block_1_3' title="bbox 72 1657 1310 1751">
    <p class='ocr_par' dir='ltr' id='par_1_3' title="bbox 72 1657 1310 1751">
     <span class='ocr_line' id='line_1_13' title="bbox 72 1657 1310 1751; baseline 0.002 -32"><span class='ocrx_word' id='word_1_98' title='bbox 72 1740 81 1751; x_wconf 71' lang='lat'><em>,</em></span> <span class='ocrx_word' id='word_1_99' title='bbox 182 1658 324 1720; x_wconf 87' lang='lat' dir='ltr'>tunicam</span> <span class='ocrx_word' id='word_1_100' title='bbox 337 1657 507 1720; x_wconf 89' lang='lat' dir='ltr'>manifeste</span> <span class='ocrx_word' id='word_1_101' title='bbox 520 1658 710 1741; x_wconf 90' lang='lat' dir='ltr'>conspicias.</span> <span class='ocrx_word' id='word_1_102' title='bbox 743 1659 806 1722; x_wconf 84' lang='lat' dir='ltr'>Sed</span> <span class='ocrx_word' id='word_1_103' title='bbox 817 1681 890 1722; x_wconf 89' lang='lat' dir='ltr'>eum</span> <span class='ocrx_word' id='word_1_104' title='bbox 908 1670 1036 1744; x_wconf 90' lang='lat' dir='ltr'>propter</span> <span class='ocrx_word' id='word_1_105' title='bbox 1045 1679 1142 1741; x_wconf 81' lang='lat' dir='ltr'>rugas</span> <span class='ocrx_word' id='word_1_106' title='bbox 1158 1660 1310 1743; x_wconf 85' lang='lat' dir='ltr'>ambigue</span> 
     </span>
    </p>
   </div>
   <div class='ocr_carea' id='block_1_4' title="bbox 181 1763 1365 2063">
    <p class='ocr_par' dir='ltr' id='par_1_4' title="bbox 181 1763 1365 2063">
     <span class='ocr_line' id='line_1_14' title="bbox 183 1763 1365 1848; baseline -0.003 -21"><span class='ocrx_word' id='word_1_107' title='bbox 183 1786 349 1848; x_wconf 85' lang='lat' dir='ltr'>expressas</span> <span class='ocrx_word' id='word_1_108' title='bbox 371 1786 437 1827; x_wconf 92' lang='lat' dir='ltr'>non</span> <span class='ocrx_word' id='word_1_109' title='bbox 452 1764 590 1847; x_wconf 86' lang='lat' dir='ltr'>liqueat,</span> <span class='ocrx_word' id='word_1_110' title='bbox 615 1765 734 1828; x_wconf 92' lang='lat' dir='ltr'>limbus</span> <span class='ocrx_word' id='word_1_111' title='bbox 750 1766 834 1829; x_wconf 85' lang='lat' dir='ltr'>infra</span> <span class='ocrx_word' id='word_1_112' title='bbox 849 1764 1043 1848; x_wconf 88' lang='lat' dir='ltr'>conspicuus</span> <span class='ocrx_word' id='word_1_113' title='bbox 1059 1773 1167 1826; x_wconf 94' lang='lat' dir='ltr'>utrum</span> <span class='ocrx_word' id='word_1_114' title='bbox 1183 1764 1224 1826; x_wconf 91' lang='lat' dir='ltr'>ad</span> <span class='ocrx_word' id='word_1_115' title='bbox 1237 1763 1311 1845; x_wconf 92' lang='lat' dir='ltr'>pal·</span> <span class='ocrx_word' id='word_1_116' title='bbox 1361 1822 1365 1831; x_wconf 83' lang='grc'><strong>,</strong></span> 
     </span>
     <span class='ocr_line' id='line_1_15' title="bbox 181 1871 1312 1955; baseline 0.001 -21"><span class='ocrx_word' id='word_1_117' title='bbox 181 1873 262 1934; x_wconf 92' lang='lat' dir='ltr'>lium</span> <span class='ocrx_word' id='word_1_118' title='bbox 283 1872 444 1955; x_wconf 86' lang='lat' dir='ltr'>pertineat</span> <span class='ocrx_word' id='word_1_119' title='bbox 465 1893 507 1935; x_wconf 91' lang='lat' dir='ltr'>an</span> <span class='ocrx_word' id='word_1_120' title='bbox 528 1874 569 1935; x_wconf 91' lang='lat' dir='ltr'>ad</span> <span class='ocrx_word' id='word_1_121' title='bbox 591 1874 753 1950; x_wconf 89' lang='lat' dir='ltr'>tunicam,</span> <span class='ocrx_word' id='word_1_122' title='bbox 778 1875 889 1937; x_wconf 90' lang='lat' dir='ltr'>eadem</span> <span class='ocrx_word' id='word_1_123' title='bbox 911 1871 1135 1955; x_wconf 87' lang='lat' dir='ltr'>probabilitate</span> <span class='ocrx_word' id='word_1_124' title='bbox 1157 1871 1312 1935; x_wconf 89' lang='lat' dir='ltr'>contendi</span> 
     </span>
     <span class='ocr_line' id='line_1_16' title="bbox 181 1979 1247 2063; baseline -0.006 -20"><span class='ocrx_word' id='word_1_125' title='bbox 181 1989 304 2063; x_wconf 87' lang='lat' dir='ltr'>potest,</span> <span class='ocrx_word' id='word_1_126' title='bbox 329 1979 517 2043; x_wconf 88' lang='lat' dir='ltr'>sollemnem</span> <span class='ocrx_word' id='word_1_127' title='bbox 545 1980 692 2044; x_wconf 92' lang='lat' dir='ltr'>habitum</span> <span class='ocrx_word' id='word_1_128' title='bbox 721 1981 852 2044; x_wconf 89' lang='lat' dir='ltr'>obvium</span> <span class='ocrx_word' id='word_1_129' title='bbox 875 2003 945 2044; x_wconf 90' lang='lat' dir='ltr'>esse</span> <span class='ocrx_word' id='word_1_130' title='bbox 972 1982 1007 2043; x_wconf 91' lang='lat' dir='ltr'>in</span> <span class='ocrx_word' id='word_1_131' title='bbox 1029 1980 1089 2043; x_wconf 90' lang='lat' dir='ltr'>hae</span> <span class='ocrx_word' id='word_1_132' title='bbox 1111 1980 1247 2063; x_wconf 90' lang='lat' dir='ltr'>pictura.</span> 
     </span>
    </p>
   </div>
   <div class='ocr_carea' id='block_1_5' title="bbox 61 2085 1310 2173">
    <p class='ocr_par' dir='ltr' id='par_1_5' title="bbox 61 2085 1310 2173">
     <span class='ocr_line' id='line_1_17' title="bbox 61 2085 1310 2173; baseline -0.005 -19"><span class='ocrx_word' id='word_1_133' title='bbox 61 2101 65 2109; x_wconf 83' lang='lat'><em>&#39;</em></span> <span class='ocrx_word' id='word_1_134' title='bbox 150 2141 153 2145; x_wconf 71' lang='grc'><strong>.</strong></span> <span class='ocrx_word' id='word_1_135' title='bbox 267 2089 358 2154; x_wconf 83' lang='lat' dir='ltr'>Quae</span> <span class='ocrx_word' id='word_1_136' title='bbox 381 2108 456 2150; x_wconf 92' lang='lat' dir='ltr'>cum</span> <span class='ocrx_word' id='word_1_137' title='bbox 479 2088 524 2151; x_wconf 89' lang='lat' dir='ltr'>ita</span> <span class='ocrx_word' id='word_1_138' title='bbox 546 2088 622 2165; x_wconf 90' lang='lat' dir='ltr'>sint,</span> <span class='ocrx_word' id='word_1_139' title='bbox 647 2109 742 2151; x_wconf 88' lang='lat' dir='ltr'>nemo</span> <span class='ocrx_word' id='word_1_140' title='bbox 766 2088 825 2151; x_wconf 92' lang='lat' dir='ltr'>erit</span> <span class='ocrx_word' id='word_1_141' title='bbox 847 2091 903 2171; x_wconf 93' lang='lat' dir='ltr'>qui</span> <span class='ocrx_word' id='word_1_142' title='bbox 935 2097 1050 2173; x_wconf 84' lang='lat' dir='ltr'>neget,</span> <span class='ocrx_word' id='word_1_143' title='bbox 1080 2085 1216 2170; x_wconf 91' lang='lat' dir='ltr'>pallium</span> <span class='ocrx_word' id='word_1_144' title='bbox 1239 2087 1310 2149; x_wconf 87' lang='lat' dir='ltr'>sive</span> 
     </span>
    </p>
   </div>
   <div class='ocr_carea' id='block_1_6' title="bbox 130 2194 1358 3356">
    <p class='ocr_par' dir='ltr' id='par_1_6' title="bbox 130 2194 1358 3356">
     <span class='ocr_line' id='line_1_18' title="bbox 181 2194 1311 2280; baseline 0 -24"><span class='ocrx_word' id='word_1_145' title='bbox 181 2196 307 2280; x_wconf 80' lang='lat' dir='ltr'>longae</span> <span class='ocrx_word' id='word_1_146' title='bbox 320 2195 386 2258; x_wconf 86' lang='lat' dir='ltr'>sive</span> <span class='ocrx_word' id='word_1_147' title='bbox 408 2195 547 2258; x_wconf 90' lang='lat' dir='ltr'>breviori</span> <span class='ocrx_word' id='word_1_148' title='bbox 575 2194 611 2276; x_wconf 85' lang='lat' dir='ltr'>(si</span> <span class='ocrx_word' id='word_1_149' title='bbox 633 2197 762 2279; x_wconf 91' lang='lat' dir='ltr'>quidem</span> <span class='ocrx_word' id='word_1_150' title='bbox 784 2219 896 2260; x_wconf 89' lang='lat' dir='ltr'>verum</span> <span class='ocrx_word' id='word_1_151' title='bbox 919 2206 985 2273; x_wconf 91' lang='lat' dir='ltr'>est,</span> <span class='ocrx_word' id='word_1_152' title='bbox 1012 2197 1098 2278; x_wconf 91' lang='lat' dir='ltr'>quod</span> <span class='ocrx_word' id='word_1_153' title='bbox 1119 2196 1214 2258; x_wconf 94' lang='lat' dir='ltr'>modo</span> <span class='ocrx_word' id='word_1_154' title='bbox 1230 2216 1311 2257; x_wconf 90' lang='lat' dir='ltr'>con-</span> 
     </span>
     <span class='ocr_line' id='line_1_19' title="bbox 180 2302 1311 2386; baseline -0.002 -20"><span class='ocrx_word' id='word_1_155' title='bbox 180 2303 325 2386; x_wconf 91' lang='lat' dir='ltr'>iecimus)</span> <span class='ocrx_word' id='word_1_156' title='bbox 352 2303 479 2366; x_wconf 90' lang='lat' dir='ltr'>tunicae</span> <span class='ocrx_word' id='word_1_157' title='bbox 502 2303 754 2386; x_wconf 88' lang='lat' dir='ltr'>superiniectum</span> <span class='ocrx_word' id='word_1_158' title='bbox 776 2304 964 2369; x_wconf 84' lang='lat' dir='ltr'>sollemnem</span> <span class='ocrx_word' id='word_1_159' title='bbox 986 2303 1133 2386; x_wconf 91' lang='lat' dir='ltr'>Neptuni</span> <span class='ocrx_word' id='word_1_160' title='bbox 1160 2302 1311 2365; x_wconf 91' lang='lat' dir='ltr'>habitum</span> 
     </span>
     <span class='ocr_line' id='line_1_20' title="bbox 181 2408 1310 2496; baseline -0.001 -22"><span class='ocrx_word' id='word_1_161' title='bbox 181 2433 250 2474; x_wconf 92' lang='lat' dir='ltr'>esse</span> <span class='ocrx_word' id='word_1_162' title='bbox 280 2410 315 2472; x_wconf 92' lang='lat' dir='ltr'>in</span> <span class='ocrx_word' id='word_1_163' title='bbox 343 2408 423 2469; x_wconf 91' lang='lat' dir='ltr'>hoce</span> <span class='ocrx_word' id='word_1_164' title='bbox 449 2429 601 2472; x_wconf 87' lang='lat' dir='ltr'>vasomm</span> <span class='ocrx_word' id='word_1_165' title='bbox 629 2411 789 2492; x_wconf 91' lang='lat' dir='ltr'>pictorum</span> <span class='ocrx_word' id='word_1_166' title='bbox 815 2434 943 2496; x_wconf 86' lang='lat' dir='ltr'>genere.</span> <span class='ocrx_word' id='word_1_167' title='bbox 989 2411 1140 2474; x_wconf 87' lang='lat' dir='ltr'>Relicum</span> <span class='ocrx_word' id='word_1_168' title='bbox 1168 2411 1310 2487; x_wconf 85' lang='lat' dir='ltr'>videtur,</span> 
     </span>
     <span class='ocr_line' id='line_1_21' title="bbox 181 2517 1344 2602; baseline 0.003 -23"><span class='ocrx_word' id='word_1_169' title='bbox 181 2528 218 2580; x_wconf 93' lang='lat' dir='ltr'>ut</span> <span class='ocrx_word' id='word_1_170' title='bbox 252 2517 421 2581; x_wconf 88' lang='lat' dir='ltr'>afferamus</span> <span class='ocrx_word' id='word_1_171' title='bbox 456 2517 598 2597; x_wconf 87' lang='lat' dir='ltr'>picturas</span> <span class='ocrx_word' id='word_1_172' title='bbox 631 2518 778 2580; x_wconf 91' lang='lat' dir='ltr'>habitum</span> <span class='ocrx_word' id='word_1_173' title='bbox 807 2529 902 2602; x_wconf 91' lang='lat' dir='ltr'>atque</span> <span class='ocrx_word' id='word_1_174' title='bbox 928 2521 1093 2583; x_wconf 83' lang='lat' dir='ltr'>vestitum</span> <span class='ocrx_word' id='word_1_175' title='bbox 1112 2518 1344 2600; x_wconf 83' lang='lat' dir='ltr'>singularem-</span> 
     </span>
     <span class='ocr_line' id='line_1_22' title="bbox 130 2607 1358 2711; baseline 0.002 -23"><span class='ocrx_word' id='word_1_176' title='bbox 130 2612 134 2617; x_wconf 35' lang='lat'><strong>⁴</strong></span> <span class='ocrx_word' id='word_1_177' title='bbox 181 2626 381 2708; x_wconf 83' lang='lat' dir='ltr'>praebentes</span> <span class='ocrx_word' id='word_1_178' title='bbox 401 2607 406 2616; x_wconf 44' lang='grc'><strong><em>’</em></strong></span> <span class='ocrx_word' id='word_1_179' title='bbox 428 2624 476 2687; x_wconf 87' lang='lat' dir='ltr'>Ae</span> <span class='ocrx_word' id='word_1_180' title='bbox 498 2624 638 2708; x_wconf 82' lang='lat' dir='ltr'>primum</span> <span class='ocrx_word' id='word_1_181' title='bbox 660 2625 791 2708; x_wconf 90' lang='lat' dir='ltr'>quidem</span> <span class='ocrx_word' id='word_1_182' title='bbox 812 2628 877 2690; x_wconf 92' lang='lat' dir='ltr'>huc</span> <span class='ocrx_word' id='word_1_183' title='bbox 904 2637 1050 2711; x_wconf 86' lang='lat' dir='ltr'>spectant</span> <span class='ocrx_word' id='word_1_184' title='bbox 1079 2625 1241 2710; x_wconf 88' lang='lat' dir='ltr'>picturae,</span> <span class='ocrx_word' id='word_1_185' title='bbox 1274 2627 1312 2690; x_wconf 90' lang='lat' dir='ltr'>in</span> <span class='ocrx_word' id='word_1_186' title='bbox 1328 2622 1358 2671; x_wconf 78' lang='lat'>⁸·</span> 
     </span>
     <span class='ocr_line' id='line_1_23' title="bbox 182 2732 1311 2818; baseline 0.002 -22"><span class='ocrx_word' id='word_1_187' title='bbox 182 2733 299 2817; x_wconf 89' lang='lat' dir='ltr'>quibus</span> <span class='ocrx_word' id='word_1_188' title='bbox 327 2732 474 2816; x_wconf 92' lang='lat' dir='ltr'>Neptuni</span> <span class='ocrx_word' id='word_1_189' title='bbox 507 2741 539 2794; x_wconf 93' lang='lat' dir='ltr'>et</span> <span class='ocrx_word' id='word_1_190' title='bbox 571 2733 744 2816; x_wconf 90' lang='lat' dir='ltr'>Polybotae</span> <span class='ocrx_word' id='word_1_191' title='bbox 778 2736 975 2818; x_wconf 86' lang='lat' dir='ltr'>conspicitur</span> <span class='ocrx_word' id='word_1_192' title='bbox 1007 2757 1128 2818; x_wconf 85' lang='lat' dir='ltr'>pugna.</span> <span class='ocrx_word' id='word_1_193' title='bbox 1176 2735 1311 2798; x_wconf 84' lang='lat' dir='ltr'>Summa</span> 
     </span>
     <span class='ocr_line' id='line_1_24' title="bbox 181 2839 1312 2926; baseline 0 -22"><span class='ocrx_word' id='word_1_194' title='bbox 181 2841 324 2926; x_wconf 85' lang='lat' dir='ltr'>profecto</span> <span class='ocrx_word' id='word_1_195' title='bbox 355 2848 487 2923; x_wconf 90' lang='lat' dir='ltr'>apparet</span> <span class='ocrx_word' id='word_1_196' title='bbox 515 2839 550 2901; x_wconf 91' lang='lat' dir='ltr'>in</span> <span class='ocrx_word' id='word_1_197' title='bbox 579 2839 631 2902; x_wconf 87' lang='lat' dir='ltr'>his</span> <span class='ocrx_word' id='word_1_198' title='bbox 659 2840 788 2904; x_wconf 90' lang='lat' dir='ltr'>habitus</span> <span class='ocrx_word' id='word_1_199' title='bbox 818 2844 962 2906; x_wconf 90' lang='lat' dir='ltr'>varietas.</span> <span class='ocrx_word' id='word_1_200' title='bbox 1018 2843 1102 2905; x_wconf 85' lang='lat' dir='ltr'>Sunt</span> <span class='ocrx_word' id='word_1_201' title='bbox 1131 2842 1218 2904; x_wconf 92' lang='lat' dir='ltr'>enim</span> <span class='ocrx_word' id='word_1_202' title='bbox 1241 2843 1312 2924; x_wconf 89' lang='lat' dir='ltr'>pri-</span> 
     </span>
     <span class='ocr_line' id='line_1_25' title="bbox 182 2945 1310 3033; baseline -0.003 -20"><span class='ocrx_word' id='word_1_203' title='bbox 182 2971 283 3025; x_wconf 91' lang='lat' dir='ltr'>mum,</span> <span class='ocrx_word' id='word_1_204' title='bbox 308 2957 341 3011; x_wconf 89' lang='lat' dir='ltr'>et</span> <span class='ocrx_word' id='word_1_205' title='bbox 354 2947 494 3010; x_wconf 88' lang='lat' dir='ltr'>ineditae</span> <span class='ocrx_word' id='word_1_206' title='bbox 510 2945 651 3029; x_wconf 89' lang='lat' dir='ltr'>quidem,</span> <span class='ocrx_word' id='word_1_207' title='bbox 670 2969 752 3030; x_wconf 88' lang='lat' dir='ltr'>quae</span> <span class='ocrx_word' id='word_1_208' title='bbox 769 2951 865 3012; x_wconf 90' lang='lat' dir='ltr'>deum</span> <span class='ocrx_word' id='word_1_209' title='bbox 880 2952 1006 3013; x_wconf 91' lang='lat' dir='ltr'>nudum</span> <span class='ocrx_word' id='word_1_210' title='bbox 1027 2949 1094 3031; x_wconf 82' lang='lat' dir='ltr'>(*V.</span> <span class='ocrx_word' id='word_1_211' title='bbox 1112 2949 1172 3012; x_wconf 68' lang='grc' dir='ltr'>Ὗ.</span> <span class='ocrx_word' id='word_1_212' title='bbox 1190 2948 1310 3033; x_wconf 85' lang='lat' dir='ltr'>*AA.)‚</span> 
     </span>
     <span class='ocr_line' id='line_1_26' title="bbox 183 3056 1312 3142; baseline 0.001 -22"><span class='ocrx_word' id='word_1_213' title='bbox 183 3066 260 3121; x_wconf 91' lang='lat' dir='ltr'>sunt</span> <span class='ocrx_word' id='word_1_214' title='bbox 282 3056 409 3132; x_wconf 89' lang='lat' dir='ltr'>deinde,</span> <span class='ocrx_word' id='word_1_215' title='bbox 440 3075 522 3136; x_wconf 90' lang='lat' dir='ltr'>quae</span> <span class='ocrx_word' id='word_1_216' title='bbox 552 3077 627 3117; x_wconf 92' lang='lat' dir='ltr'>eum</span> <span class='ocrx_word' id='word_1_217' title='bbox 656 3065 712 3118; x_wconf 92' lang='lat' dir='ltr'>aut</span> <span class='ocrx_word' id='word_1_218' title='bbox 734 3056 900 3142; x_wconf 87' lang='lat' dir='ltr'>chlamyde</span> <span class='ocrx_word' id='word_1_219' title='bbox 928 3057 992 3138; x_wconf 82' lang='lat' dir='ltr'>(*Z.</span> <span class='ocrx_word' id='word_1_220' title='bbox 1018 3056 1115 3142; x_wconf 81' lang='lat' dir='ltr'>*BB.)</span> <span class='ocrx_word' id='word_1_221' title='bbox 1144 3066 1200 3120; x_wconf 90' lang='lat' dir='ltr'>aut</span> <span class='ocrx_word' id='word_1_222' title='bbox 1224 3056 1312 3140; x_wconf 90' lang='lat' dir='ltr'>pelle</span> 
     </span>
     <span class='ocr_line' id='line_1_27' title="bbox 181 3160 1312 3250; baseline 0.004 -27"><span class='ocrx_word' id='word_1_223' title='bbox 181 3161 284 3224; x_wconf 89' lang='lat' dir='ltr'>ferina</span> <span class='ocrx_word' id='word_1_224' title='bbox 312 3160 403 3246; x_wconf 76' lang='lat' dir='ltr'>(*W.)</span> <span class='ocrx_word' id='word_1_225' title='bbox 432 3172 488 3225; x_wconf 90' lang='lat' dir='ltr'>aut</span> <span class='ocrx_word' id='word_1_226' title='bbox 502 3162 621 3226; x_wconf 84' lang='lat' dir='ltr'>leviore</span> <span class='ocrx_word' id='word_1_227' title='bbox 642 3163 779 3227; x_wconf 89' lang='lat' dir='ltr'>amiculo</span> <span class='ocrx_word' id='word_1_228' title='bbox 808 3163 904 3246; x_wconf 64' lang='lat'>(003</span> <span class='ocrx_word' id='word_1_229' title='bbox 927 3166 1001 3250; x_wconf 77' lang='lat' dir='ltr'>*X.}</span> <span class='ocrx_word' id='word_1_230' title='bbox 1028 3165 1199 3241; x_wconf 90' lang='lat' dir='ltr'>indutum,</span> <span class='ocrx_word' id='word_1_231' title='bbox 1230 3175 1312 3229; x_wconf 91' lang='lat' dir='ltr'>sunt</span> 
     </span>
     <span class='ocr_line' id='line_1_28' title="bbox 182 3269 1312 3356; baseline 0.004 -24"><span class='ocrx_word' id='word_1_232' title='bbox 182 3269 339 3351; x_wconf 91' lang='lat' dir='ltr'>denique,</span> <span class='ocrx_word' id='word_1_233' title='bbox 364 3291 542 3351; x_wconf 87' lang='lat' dir='ltr'>quaecum</span> <span class='ocrx_word' id='word_1_234' title='bbox 565 3281 621 3334; x_wconf 91' lang='lat' dir='ltr'>aut</span> <span class='ocrx_word' id='word_1_235' title='bbox 651 3272 760 3335; x_wconf 90' lang='lat' dir='ltr'>tunica</span> <span class='ocrx_word' id='word_1_236' title='bbox 783 3274 1104 3355; x_wconf 63' lang='lat' dir='ltr'>squamis‘instructa</span> <span class='ocrx_word' id='word_1_237' title='bbox 1131 3272 1225 3356; x_wconf 84' lang='lat' dir='ltr'><strong>(DD.)</strong></span> <span class='ocrx_word' id='word_1_238' title='bbox 1253 3284 1312 3336; x_wconf 89' lang='lat' dir='ltr'>aut</span> 
     </span>
    </p>
   </div>
   <div class='ocr_carea' id='block_1_7' title="bbox 180 3375 1309 3548">
    <p class='ocr_par' dir='ltr' id='par_1_7' title="bbox 180 3375 1309 3548">
     <span class='ocr_line' id='line_1_29' title="bbox 181 3375 1309 3463; baseline 0.004 -24"><span class='ocrx_word' id='word_1_239' title='bbox 181 3376 292 3439; x_wconf 88' lang='lat' dir='ltr'>tunica</span> <span class='ocrx_word' id='word_1_240' title='bbox 319 3378 464 3441; x_wconf 86' lang='lat' dir='ltr'>breviore</span> <span class='ocrx_word' id='word_1_241' title='bbox 500 3375 591 3459; x_wconf 81' lang='lat' dir='ltr'>(An.)</span> <span class='ocrx_word' id='word_1_242' title='bbox 630 3389 686 3442; x_wconf 90' lang='lat' dir='ltr'>aut</span> <span class='ocrx_word' id='word_1_243' title='bbox 717 3379 816 3444; x_wconf 88' lang='lat' dir='ltr'>lorica</span> <span class='ocrx_word' id='word_1_244' title='bbox 843 3384 889 3460; x_wconf 90' lang='lat' dir='ltr'>(Z.</span> <span class='ocrx_word' id='word_1_245' title='bbox 908 3383 988 3463; x_wconf 85' lang='lat' dir='ltr'><strong>BB.)</strong></span> <span class='ocrx_word' id='word_1_246' title='bbox 1003 3377 1007 3388; x_wconf 81' lang='grc'>’</span> <span class='ocrx_word' id='word_1_247' title='bbox 1021 3381 1174 3445; x_wconf 90' lang='lat' dir='ltr'>amictum</span> <span class='ocrx_word' id='word_1_248' title='bbox 1196 3390 1309 3444; x_wconf 90' lang='lat' dir='ltr'>osten-</span> 
     </span>
     <span class='ocr_line' id='line_1_30' title="bbox 180 3485 269 3548; baseline -0.011 0"><span class='ocrx_word' id='word_1_249' title='bbox 180 3485 269 3548; x_wconf 90' lang='lat' dir='ltr'>dant.</span> 
     </span>
    </p>
   </div>
   <div class='ocr_carea' id='block_1_8' title="bbox 143 3591 1309 4327">
    <p class='ocr_par' dir='ltr' id='par_1_8' title="bbox 143 3591 1309 4327">
     <span class='ocr_line' id='line_1_31' title="bbox 265 3591 1309 3676; baseline 0.006 -23"><span class='ocrx_word' id='word_1_250' title='bbox 265 3591 391 3654; x_wconf 92' lang='lat' dir='ltr'>Deinde</span> <span class='ocrx_word' id='word_1_251' title='bbox 414 3592 549 3674; x_wconf 84' lang='lat' dir='ltr'>pictura,</span> <span class='ocrx_word' id='word_1_252' title='bbox 576 3614 657 3676; x_wconf 90' lang='lat' dir='ltr'>quae</span> <span class='ocrx_word' id='word_1_253' title='bbox 679 3594 772 3658; x_wconf 89' lang='lat' dir='ltr'>litera</span> <span class='ocrx_word' id='word_1_254' title='bbox 793 3596 821 3658; x_wconf 91' lang='lat' dir='ltr'><strong>E</strong></span> <span class='ocrx_word' id='word_1_255' title='bbox 845 3605 991 3673; x_wconf 86' lang='lat' dir='ltr'>notatur,</span> <span class='ocrx_word' id='word_1_256' title='bbox 1016 3618 1082 3658; x_wconf 91' lang='lat' dir='ltr'>non</span> <span class='ocrx_word' id='word_1_257' title='bbox 1106 3596 1215 3659; x_wconf 88' lang='lat' dir='ltr'>minus</span> <span class='ocrx_word' id='word_1_258' title='bbox 1238 3597 1309 3659; x_wconf 90' lang='lat' dir='ltr'>sin-</span> 
     </span>
     <span class='ocr_line' id='line_1_32' title="bbox 179 3700 1307 3788; baseline 0.004 -27"><span class='ocrx_word' id='word_1_259' title='bbox 179 3700 323 3784; x_wconf 82' lang='lat' dir='ltr'>gularem</span> <span class='ocrx_word' id='word_1_260' title='bbox 345 3700 497 3763; x_wconf 85' lang='lat' dir='ltr'>vestitum</span> <span class='ocrx_word' id='word_1_261' title='bbox 518 3703 660 3785; x_wconf 89' lang='lat' dir='ltr'>praebet.</span> <span class='ocrx_word' id='word_1_262' title='bbox 701 3702 831 3766; x_wconf 88' lang='lat' dir='ltr'>Omissa</span> <span class='ocrx_word' id='word_1_263' title='bbox 852 3705 939 3766; x_wconf 93' lang='lat' dir='ltr'>enim</span> <span class='ocrx_word' id='word_1_264' title='bbox 960 3704 1101 3788; x_wconf 80' lang='lat' dir='ltr'>imagine</span> <span class='ocrx_word' id='word_1_265' title='bbox 1129 3705 1151 3769; x_wconf 81' lang='lat' dir='ltr'>S</span> <span class='ocrx_word' id='word_1_266' title='bbox 1181 3703 1307 3767; x_wconf 89' lang='lat' dir='ltr'>Graeco</span> 
     </span>
     <span class='ocr_line' id='line_1_33' title="bbox 180 3806 1307 3896; baseline 0.004 -26"><span class='ocrx_word' id='word_1_267' title='bbox 180 3808 310 3892; x_wconf 81' lang='lat' dir='ltr'>ingenio</span> <span class='ocrx_word' id='word_1_268' title='bbox 333 3806 465 3870; x_wconf 91' lang='lat' dir='ltr'>omnino</span> <span class='ocrx_word' id='word_1_269' title='bbox 488 3819 632 3885; x_wconf 89' lang='lat' dir='ltr'>carente,</span> <span class='ocrx_word' id='word_1_270' title='bbox 666 3831 762 3891; x_wconf 92' lang='lat' dir='ltr'>quam</span> <span class='ocrx_word' id='word_1_271' title='bbox 791 3833 831 3873; x_wconf 91' lang='lat' dir='ltr'>ex</span> <span class='ocrx_word' id='word_1_272' title='bbox 852 3811 1062 3874; x_wconf 86' lang='lat' dir='ltr'>Etruscorum</span> <span class='ocrx_word' id='word_1_273' title='bbox 1089 3813 1202 3896; x_wconf 84' lang='lat' dir='ltr'>figlina</span> <span class='ocrx_word' id='word_1_274' title='bbox 1230 3834 1307 3896; x_wconf 92' lang='lat' dir='ltr'>pro-</span> 
     </span>
     <span class='ocr_line' id='line_1_34' title="bbox 180 3915 1306 4005; baseline 0.005 -27"><span class='ocrx_word' id='word_1_275' title='bbox 180 3915 278 3978; x_wconf 89' lang='lat' dir='ltr'>diisse</span> <span class='ocrx_word' id='word_1_276' title='bbox 310 3915 413 3999; x_wconf 87' lang='lat' dir='ltr'>primo</span> <span class='ocrx_word' id='word_1_277' title='bbox 446 3926 577 3999; x_wconf 88' lang='lat' dir='ltr'>aspectu</span> <span class='ocrx_word' id='word_1_278' title='bbox 611 3927 758 4001; x_wconf 88' lang='lat' dir='ltr'>apparet,</span> <span class='ocrx_word' id='word_1_279' title='bbox 796 3919 885 3982; x_wconf 91' lang='lat' dir='ltr'>deest</span> <span class='ocrx_word' id='word_1_280' title='bbox 918 3918 1031 3982; x_wconf 90' lang='lat' dir='ltr'>similis</span> <span class='ocrx_word' id='word_1_281' title='bbox 1064 3921 1187 4005; x_wconf 83' lang='lat' dir='ltr'>imago,</span> <span class='ocrx_word' id='word_1_282' title='bbox 1223 3943 1306 4003; x_wconf 89' lang='lat' dir='ltr'>quae</span> 
     </span>
     <span class='ocr_line' id='line_1_35' title="bbox 178 4022 1306 4106; baseline 0.004 -21"><span class='ocrx_word' id='word_1_283' title='bbox 178 4022 369 4106; x_wconf 90' lang='lat' dir='ltr'>Neptunum</span> <span class='ocrx_word' id='word_1_284' title='bbox 391 4023 502 4086; x_wconf 89' lang='lat' dir='ltr'>tunica</span> <span class='ocrx_word' id='word_1_285' title='bbox 522 4024 666 4088; x_wconf 88' lang='lat' dir='ltr'>breviore</span> <span class='ocrx_word' id='word_1_286' title='bbox 689 4035 721 4088; x_wconf 93' lang='lat' dir='ltr'>et</span> <span class='ocrx_word' id='word_1_287' title='bbox 750 4026 887 4090; x_wconf 91' lang='lat' dir='ltr'>amiculo</span> <span class='ocrx_word' id='word_1_288' title='bbox 910 4027 1029 4090; x_wconf 90' lang='lat' dir='ltr'>umeris</span> <span class='ocrx_word' id='word_1_289' title='bbox 1058 4027 1177 4091; x_wconf 90' lang='lat' dir='ltr'>iniecto</span> <span class='ocrx_word' id='word_1_290' title='bbox 1206 4028 1306 4091; x_wconf 89' lang='lat' dir='ltr'>indu-</span> 
     </span>
     <span class='ocr_line' id='line_1_36' title="bbox 179 4133 1305 4218; baseline 0.006 -27"><span class='ocrx_word' id='word_1_291' title='bbox 179 4140 249 4193; x_wconf 90' lang='lat' dir='ltr'>tum</span> <span class='ocrx_word' id='word_1_292' title='bbox 271 4133 477 4194; x_wconf 88' lang='lat' dir='ltr'>demonstret.</span> <span class='ocrx_word' id='word_1_293' title='bbox 523 4133 618 4196; x_wconf 90' lang='lat' dir='ltr'>Dicat</span> <span class='ocrx_word' id='word_1_294' title='bbox 640 4133 773 4196; x_wconf 88' lang='lat' dir='ltr'>fortasse</span> <span class='ocrx_word' id='word_1_295' title='bbox 796 4135 966 4216; x_wconf 74' lang='lat' dir='ltr'>quispiam,</span> <span class='ocrx_word' id='word_1_296' title='bbox 991 4135 1051 4198; x_wconf 90' lang='lat' dir='ltr'>hac</span> <span class='ocrx_word' id='word_1_297' title='bbox 1072 4136 1142 4218; x_wconf 90' lang='lat' dir='ltr'>ipsa</span> <span class='ocrx_word' id='word_1_298' title='bbox 1164 4135 1305 4198; x_wconf 87' lang='lat' dir='ltr'>novitate</span> 
     </span>
     <span class='ocr_line' id='line_1_37' title="bbox 143 4238 1302 4327; baseline 0.006 -28"><span class='ocrx_word' id='word_1_299' title='bbox 143 4255 146 4261; x_wconf 87' lang='lat'>·</span> <span class='ocrx_word' id='word_1_300' title='bbox 188 4238 265 4300; x_wconf 88' lang='lat' dir='ltr'>satis</span> <span class='ocrx_word' id='word_1_301' title='bbox 288 4238 414 4323; x_wconf 86' lang='lat' dir='ltr'>probari</span> <span class='ocrx_word' id='word_1_302' title='bbox 437 4239 604 4303; x_wconf 90' lang='lat' dir='ltr'>vasculum</span> <span class='ocrx_word' id='word_1_303' title='bbox 625 4242 795 4306; x_wconf 86' lang='lat' dir='ltr'>recentiori</span> <span class='ocrx_word' id='word_1_304' title='bbox 817 4243 952 4327; x_wconf 90' lang='lat' dir='ltr'>tempori</span> <span class='ocrx_word' id='word_1_305' title='bbox 975 4264 1044 4306; x_wconf 89' lang='lat' dir='ltr'>esse</span> <span class='ocrx_word' id='word_1_306' title='bbox 1066 4243 1302 4306; x_wconf 79' lang='lat' dir='ltr'>ascribendum.</span> 
     </span>
    </p>
   </div>
   <div class='ocr_carea' id='block_1_9' title="bbox 0 0 1498 4912">
    <p class='ocr_par' dir='ltr' id='par_1_9' title="bbox 0 0 1498 4912">
     <span class='ocr_line' id='line_1_38' title="bbox 0 0 1498 4912; baseline 0 0"><span class='ocrx_word' id='word_1_307' title='bbox 0 0 1498 4912; x_wconf 95' lang='lat' dir='ltr'> </span> 
     </span>
    </p>
   </div>
  </div>
 </body>
</html>
