2986 4912
721 309 760 370 27

183 478 370 543 ascribimus
385 479 512 565 pictori,
538 480 594 562 qui
609 478 755 543 habitum
772 496 919 543 vasomm
938 488 1049 563 postea
1063 477 1218 541 factorum
1234 488 1308 540 ante

184 587 292 651 ocrrlos
314 587 466 651 habuisse
494 588 658 672 putandus
682 599 740 650 est.
779 587 911 663 Restat,
936 596 973 649 ut
993 586 1133 670 picturas
1155 584 1306 660 ineditas,

183 717 263 779 quas
286 697 346 758 sub
368 694 469 758 literis
491 694 532 757 *f.
558 695 607 778 *g
633 695 682 757 *h.
708 694 748 755 *i.
779 695 817 757 in
842 694 984 758 indicem
1010 703 1155 757 nostrum
1181 693 1307 756 rettuli-

184 825 268 881 mus,
293 803 355 866 hoc
376 803 445 882 loco
468 803 606 867 breviter
621 823 914 878 commemoremus,
942 802 1157 887 quippe-quae
1174 811 1206 865 et
1219 802 1308 886 ipsae

184 911 371 995 solo'pallio
386 912 484 973 deum
499 910 650 974 amictum
666 911 833 973 ostendere
849 910 1006 974 dicantur.
1041 911 1130 977 Quas
1152 909 1308 992 imagines

140 1014 143 1021 ’
183 1033 240 1082 aut
262 1019 470 1101 neglegenter
484 1017 659 1101 descriptas
680 1039 749 1080 esse
770 1027 861 1101 puto,
886 1018 945 1082 deo
960 1040 1069 1081 revera
1092 1029 1124 1082 et
1145 1017 1255 1081 tunica
1277 1027 1309 1080 et

183 1127 282 1210 pallio
311 1127 442 1204 induto,
462 1135 529 1204 ,aut
556 1125 714 1188 liberioris
742 1125 818 1188 artis
846 1126 982 1209 vestigia
1012 1127 1120 1189 nescio
1149 1126 1308 1209 quomodo

142 1295 145 1299 ,
185 1235 331 1320 prodere,
351 1234 402 1298 -ita
424 1244 461 1297 ut
483 1256 523 1297 ex
545 1244 653 1324 nostro
675 1234 782 1296 indice
804 1234 936 1297 omnino
958 1234 1149 1316 relegandae
1172 1233 1246 1296 sint.

270 1343 412 1405 Multum
433 1364 508 1405 vero
531 1343 566 1406 in
589 1342 778 1426 anaglyphis
801 1341 940 1405 vestium
968 1342 1165 1406 consuetudo
1194 1342 1235 1405 ab
1258 1364 1307 1419 ea,

184 1472 267 1534 quae
297 1451 331 1513 in
353 1450 437 1514 vasis
467 1450 560 1533 pictis
591 1450 686 1513 obvia
713 1459 779 1526 est,
812 1448 941 1512 recedit.
988 1450 1072 1512 Nam
1099 1451 1178 1513 deus
1201 1450 1311 1514 tunica

182 1559 346 1644 pallioque
368 1558 520 1634 vestituS,
552 1579 648 1640 quem
676 1558 920 1621 usitatissimum
949 1579 1017 1621 esse
1046 1558 1193 1621 habitum
1215 1580 1310 1641 supra

158 1654 161 1663 ¹
181 1667 379 1743 invenimus,
397 1665 528 1728 omniuo
544 1687 610 1728 non
626 1666 773 1728 occurrit.
798 1664 946 1729 Proxime
962 1667 1080 1729 absunt
1092 1667 1173 1730 duae
1189 1667 1311 1749 figurae

188 1776 237 1858 (3.
264 1775 306 1856 4.)
333 1773 444 1837 tunica
464 1772 562 1855 longa
583 1773 717 1837 manicis
732 1795 798 1836 non
820 1772 976 1836 instructa
990 1773 1136 1851 amictae,
1161 1774 1213 1837 cui
1229 1774 1309 1837 ami-

183 1881 294 1945 culum
324 1903 363 1944 ex
394 1903 504 1943 umero
542 1880 669 1944 sinistro
702 1882 849 1965 pendens
877 1880 985 1944 nescio
1021 1882 1180 1963 quomodo
1209 1881 1311 1945 obiter

72 2054 80 2077 ⁸
183 1989 436 2072 superiniectum
460 1998 517 2051 est.
550 1989 655 2071 Atque
679 1988 808 2051 alterius
831 1988 960 2070 quidem
982 1989 1102 2072 figurae
1130 1990 1192 2073 (3.)
1218 2010 1309 2051 nme-

182 2119 238 2160 rus
268 2098 378 2160 dexter
405 2097 515 2160 tunica
543 2097 674 2160 omnino
704 2118 770 2159 non
798 2095 932 2159 indutus
963 2107 1027 2173 est,
1065 2096 1196 2160 alterius
1230 2096 1307 2178 (4.),

181 2205 294 2269 tunica
316 2227 356 2268 ex
378 2227 489 2268 umero
512 2205 658 2288 delapsa,
689 2214 801 2287 pectus
828 2205 952 2267 nudum
976 2204 1180 2288 conspicitur.
1221 2205 1311 2271 Quas

182 2312 368 2396 sculpentes
390 2313 431 2375 ad
453 2335 505 2376 eas
528 2314 647 2394 figuras
672 2313 770 2397 pallio
793 2313 923 2376 vestitas
946 2311 1123 2395 respexisse
1146 2311 1308 2389 videntur,

183 2443 267 2504 quae
290 2419 457 2484 brachium
480 2420 626 2483 dextrum
651 2421 775 2483 nudum
793 2431 921 2503 gerunt,
946 2420 1037 2482 cuius
1052 2423 1184 2482 vestitus
1200 2440 1311 2483 exem·
1389 2500 1394 2507 ι

182 2528 277 2612 plum
305 2528 340 2591 in
368 2527 550 2612 anaglypho
578 2526 681 2612 primo
710 2529 751 2592 ad
779 2550 911 2592 manum
941 2538 997 2592 est.
1047 2527 1199 2610 Sequitur
1220 2527 1309 2603 inde,

183 2637 304 2720 figuras
326 2637 372 2700 ita
393 2636 541 2719 amictas,
573 2658 652 2719 quas
680 2659 699 2700 a
721 2637 860 2700 vasculis
889 2636 986 2700 huius
1016 2635 1167 2720 temporis
1190 2635 1310 2699 alienas

185 2745 370 2808 recentioris
398 2744 510 2808 aetatis
540 2766 609 2807 esse
639 2746 733 2808 modo
763 2745 921 2823 vidimus,
953 2767 972 2808 a
1005 2744 1220 2827 sculptoribus
1251 2744 1311 2806 sub

186 2852 283 2936 prisci
312 2852 464 2936 temporis
493 2853 590 2914 finem
618 2852 721 2936 sculpi
751 2862 877 2936 coeptas
905 2874 985 2916 esse.
1033 2853 1162 2915 Absunt
1184 2851 1271 2914 enim
1294 2875 1313 2913 a

188 2960 403 3024 monumentis
426 2961 537 3049 rudem
560 2970 656 3044 atque
678 2960 832 3024 incultam
855 2970 954 3025 artem
976 2959 1202 3043 prodentibus,
1231 2981 1311 3042 quo-

188 3087 257 3130 rum
280 3090 380 3131 uuum
407 3069 467 3150 (5.)
493 3069 587 3131 nobis
609 3068 740 3132 obvium
758 3069 949 3152 Neptunum
971 3068 1069 3151 pallio
1091 3077 1165 3151 post
1186 3076 1311 3149 tergum

186 3174 355 3238 decidente
378 3175 424 3238 ita
443 3177 595 3238 indutum
616 3178 766 3260 praebet,
791 3187 828 3239 ut
849 3186 953 3239 totum
975 3175 1026 3238 dei
1049 3197 1164 3260 corpus
1187 3175 1312 3238 nudum

185 3283 412 3367 conspiciatur.
459 3284 607 3346 Relicum
631 3295 695 3361 est,
727 3294 764 3346 ut
791 3285 843 3347 dei
872 3285 1010 3366 figuram
1032 3283 1169 3347 amiculo
1192 3284 1310 3346 umeris

185 3389 290 3453 obiter
312 3391 430 3454 iniecto
454 3392 600 3455 vestitam
628 3392 703 3475 (2.),
728 3414 824 3475 quom
846 3392 993 3455 habitum
1014 3375 1220 3456 nummorum
1243 3412 1311 3455 esse

184 3508 300 3562 notum
322 3511 382 3576 est,
406 3499 544 3564 breviter
566 3521 861 3563 commemoremus.

273 3928 387 3996 Qualis
402 3929 549 4012 Neptuni
564 3930 701 3992 crinium
717 3929 917 4012 vestiumque
939 3928 1068 3992 habitus
1083 3931 1125 3994 sit
1140 3951 1179 3992 ex
1194 3951 1312 3993 monu-

186 4037 305 4100 mentis
335 4037 428 4101 nobis
457 4036 589 4099 servatis
617 4037 829 4122 conspicuus,
861 4037 938 4099 satis
968 4038 1094 4123 copiose
1117 4038 1312 4122 descriptum

187 4165 256 4207 esse
285 4145 430 4207 arbitror.
478 4144 640 4226 Sequitur,
676 4155 712 4206 ut
739 4155 835 4207 totam
868 4144 920 4207 dei
948 4147 1082 4228 figuram
1113 4145 1313 4229 formamque

187 4250 297 4336 paullo
326 4251 483 4317 intentius
512 4251 738 4338 respiciamus,
769 4275 894 4339 quaque
923 4253 974 4319 via
1000 4253 1069 4319 eius
1091 4251 1248 4338 imagines
1271 4254 1311 4321 ad
