2956 4906
730 318 748 384 3

178 488 262 552 tibus
291 490 384 554 nobis
415 491 561 575 Neptuni
590 502 695 557 statua
728 493 869 557 colossea
899 515 938 556 ex
967 516 1038 557 aere
1066 491 1168 572 facta,
1203 514 1300 577 quam

179 597 294 660 Graeci
315 609 390 681 post
412 600 568 682 proehum
592 600 779 665 Plataeense
801 603 836 664 in
858 601 982 664 Isthmo
1004 602 1064 664 deo
1087 624 1207 665 sacram
1230 626 1299 668 esse

177 705 349 768 voluerunt
360 709 417 790 ¹¹),
447 718 559 772 notatu
595 709 693 793 digna
712 704 792 771 ¹esse
826 708 963 773 videtur.
1019 709 1163 774 Statuam
1192 722 1300 774 autem

176 835 194 875 a
216 813 342 877 Glauco
364 814 671 901 confectam,·quam
695 837 768 878 cum
790 816 861 879 aliis
884 817 977 880 donis
999 817 1162 903 Micythus
1185 819 1299 902 Olym·
1330 891 1334 900 Ι

176 921 247 1005 piae
270 923 496 1007 constituitffl),
522 924 576 985 vix
597 926 638 988 ad
659 925 798 1006 priscam
825 935 924 987 artem
953 925 1112 1010 pertinere
1133 936 1296 1010 putamus.

176 1029 323 1092 Relicum
356 1041 423 1107 est,
462 1042 499 1092 ut
533 1042 742 1094 monumenta
771 1034 926 1114 quaedam
962 1056 980 1096 a
1015 1034 1198 1118 Preller0¹³)
1232 1057 1298 1097 nou

176 1147 259 1199 recte
288 1137 352 1199 huc
379 1138 478 1201 relata
507 1140 687 1202 reiciamus.
745 1142 793 1203 Ac
825 1142 965 1223 primum
994 1142 1299 1227 quidem'Neptuni
1359 1126 1363 1134 ¹

176 1254 313 1307 statuam
342 1268 460 1328 equum
489 1247 649 1309 marinum
671 1248 706 1309 in
738 1269 837 1310 manu
867 1250 1025 1327 tenentia,
1058 1271 1139 1332 quae
1170 1251 1298 1314 Helices

161 1352 308 1415 interitu
328 1353 365 1415 in
386 1353 466 1417 mari
488 1355 632 1417 demersa
659 1355 885 1439 navigantibus
917 1368 1027 1439 postea
1049 1357 1227 1440 periculum
1250 1369 1299 1421 at-

177 1459 287 1522 tulisse
318 1461 452 1538 dicitur,
484 1462 664 1525 Heraclidis
694 1463 821 1526 Pontici
849 1465 978 1526 demum
1011 1465 1210 1548 temporibus
1246 1466 1296 1547 [ol.

177 1566 236 1642 01,
254 1569 296 1650 4.)
324 1569 516 1632 destructam
539 1591 619 1646 esse,
645 1591 684 1632 ex
707 1570 871 1633 Strabonis
883 1574 915 1655 ¹⁴)
943 1573 1048 1635 verbis
1071 1572 1153 1635 clare
1176 1575 1299 1656 perspi-

176 1674 268 1735 citur.
314 1676 397 1737 Tum
420 1698 494 1739 vero
517 1678 663 1760 Neptuni
685 1677 959 1761 Amphitritesque
988 1690 1111 1744 statuae
1141 1681 1299 1744 colosseae

176 1781 210 1842 in
233 1783 322 1844 Teno
344 1782 450 1847 insula
472 1795 617 1848 extantes
629 1786 661 1868 ¹⁵)
691 1796 792 1849 certae
808 1772 1042 1851 aetati'ascribi
1063 1811 1128 1850 non
1150 1800 1297 1871 possunt,

178 1911 249 1952 curn
271 1892 311 1953 de
333 1891 472 1968 Telesia,
499 1892 554 1975 qui
577 1915 630 1955 eas
653 1892 802 1969 confecit,
827 1895 980 1957 statuario
1002 1896 1194 1959 Atheniensi
1218 1897 1300 1959 nihil

177 2007 339 2080 praeterea
380 2001 522 2063 tradatur
533 2000 582 2083 ΤΒ).
644 1999 713 2063 Nec
752 2001 872 2064 maiore
906 2001 1044 2084 denique
1077 2003 1300 2085 probabilitate
1348 2061 1352 2069 .

177 2106 229 2168 dei
250 2107 409 2168 colossum
432 2107 583 2190 delphine
607 2119 638 2171 et
659 2108 796 2170 tridente
818 2109 1023 2185 instructum,
1049 2110 1104 2192 qui
1126 2111 1316 2188 Cenchreis

176 2213 211 2274 in
233 2224 327 2296 portu
350 2215 490 2291 extabat,
516 2237 555 2276 ex
577 2215 677 2277 aereis
695 2215 936 2278 Corinthiorum
951 2217 1092 2280 nummis
1104 2220 1136 2301 17)
1163 2217 1228 2279 huc
1249 2240 1300 2280 re-

177 2320 344 2384 ferendum
367 2343 436 2385 esse
458 2343 582 2384 censeo.

262 2429 424 2511 Sequitur,
449 2439 485 2491 ut
500 2429 540 2490 ad
555 2439 775 2506 monumenta,
801 2452 883 2512 quae
903 2431 999 2493 hodie
1017 2441 1139 2508 extant,
1157 2433 1300 2494 animum

177 2538 388 2599 attendamus.
419 2536 594 2599 Statuariae
609 2537 738 2618 quidem
754 2537 829 2599 artis
845 2559 917 2599 curn
933 2538 1026 2600 nobis
1042 2539 1168 2602 nullum
1183 2562 1300 2602 monu-

176 2655 321 2707 mentum
342 2644 490 2707 relictum
513 2644 565 2721 sit,
589 2645 691 2727 primo
714 2644 783 2706 loco
806 2666 882 2706 vasa
896 2645 983 2727 picta
999 2649 1217 2710 enumeranda
1231 2669 1300 2710 esse

176 2753 336 2829 videntur,
360 2753 480 2835 quippe
496 2774 577 2835 quae
593 2752 768 2834 genuinam
785 2751 882 2834 prisci
899 2753 1049 2836 temporis
1065 2764 1165 2816 artem
1180 2756 1300 2840 optime

149 2927 153 2933 ,
177 2859 271 2922 nobis
293 2860 476 2942 praebeant.
519 2844 665 2926 Quorum
688 2860 752 2921 duo
774 2881 893 2942 genera
915 2861 955 2922 ad
976 2871 1116 2924 nostram
1138 2884 1205 2925 rem
1227 2885 1300 2946 per-

89 2998 94 3009 ·
176 2967 278 3030 tinere
293 2974 429 3043 constat,
455 2976 487 3030 et
501 2967 640 3049 primum
656 2967 785 3048 quidem
801 2969 920 3044 omnia,
945 2989 1025 3049 quae
1044 2969 1185 3051 picturas
1208 2970 1299 3052 nigro

178 3074 282 3136 colore
297 3073 457 3136 confectas
479 3075 644 3151 exhibent,
669 3075 772 3158 rubris
789 3074 904 3136 deinde
924 3075 1035 3156 figuris
1051 3087 1234 3138 ornatorum
1250 3099 1296 3149 ea,

178 3203 258 3263 quae
273 3191 402 3264 propter
416 3181 552 3264 rigidam
567 3183 742 3264 figurarum
758 3181 1005 3246 delineationem
1028 3193 1122 3265 atque
1137 3168 1301 3245 literarum

176 3288 312 3365 formaS,
341 3289 368 3351 si
391 3310 472 3370 quae
495 3290 670 3364 accedunt,
703 3298 777 3351 ante
806 3299 862 3351 aut
884 3312 949 3353 non
972 3291 1016 3352 ita
1038 3290 1139 3352 multo
1161 3300 1233 3372 post
1255 3293 1297 3353 ol.
1397 3278 1398 3281 Ἴ

177 3395 369 3461 LXXXVI..
388 3396 473 3478 picta
502 3417 569 3458 esse
599 3396 748 3459 videntur
762 3397 811 3478 ¹⁸).
858 3398 952 3461 Vasis
981 3420 1047 3460 non
1076 3398 1187 3474 editis,
1219 3420 1300 3480 quae

248 3680 286 3743 ll)
307 3679 379 3731 Her·
393 3679 442 3731 IX.
463 3679 504 3731 81.
779 3697 793 3729 s

249 3767 288 3830 12)
308 3765 390 3817 Paus.
410 3765 442 3817 V.
464 3768 505 3816 26.
526 3767 549 3815 2.

249 3852 287 3915 13)
308 3850 402 3920 Pauly,
423 3851 544 3902 R.—Enc.
565 3852 597 3903 V.
621 3852 643 3903 l.
663 3869 690 3921 p.
711 3854 768 3902 564.

248 3938 287 4001 14)
308 3936 354 3989 lib.
375 3935 453 3987 VIII.
474 3938 533 3997 384,
553 3937 686 4006 adquam
704 3937 828 3990 conferas
845 3935 927 3987 Diod.
948 3935 1008 3987 XV.
1029 3938 1070 3986 49.

248 4025 287 4087 15)
309 4021 356 4074 Cle
388 4061 393 4072 .
413 4021 457 4072 Al.
478 4021 563 4073 Protr.
584 4041 611 4092 p.
632 4027 661 4073 41
682 4024 718 4088 Ρ;
739 4022 774 4075 cf.
794 4021 865 4074 arch.
886 4028 939 4088 ztg.
962 4023 1027 4072 1849
1045 4039 1071 4090 p.
1095 4023 1151 4071 120.

249 4109 288 4172 16)
310 4107 345 4160 cf.
366 4105 452 4173 Sillig,
473 4113 525 4159 cat.
546 4115 597 4160 art.
617 4126 643 4177 p.
664 4112 728 4171 4373
749 4108 853 4171 Brunn,
874 4106 909 4157 K.
932 4106 965 4159 G.
986 4107 1009 4159 I.
1030 4125 1056 4176 p.
1077 4109 1136 4158 400.

249 4196 288 4258 rr)
309 4194 336 4245 a.
356 4211 380 4244 a.
400 4198 429 4249 k.
448 4194 487 4246 ΙΙ.
508 4197 532 4246 s.
553 4195 594 4244 72.
994 4212 1002 4233 .

250 4281 288 4343 185
309 4281 387 4345 Jahn,
407 4281 549 4333 Vasencat.
570 4297 596 4348 p.
619 4280 760 4330 174-189.

1067 4383 1119 4447 1*‚
