2986 4912
633 298 713 367 45Ι

94 474 259 557 intellego,
284 497 357 540 cum
372 477 525 539 Mercurii
546 476 652 564 potius
672 477 774 560 figura
789 477 950 553 omnibuS,
968 477 1023 560 qui
1039 477 1234 554 fabularum

95 580 272 649 velobiter
292 585 387 668 periti
410 594 497 661 sunt,
521 583 556 646 in
578 593 721 646 mentem
744 585 852 648 veniat
874 606 1003 649 necesse
1027 586 1078 648 sit.

180 691 265 753 Tum
295 713 370 754 vero
397 692 552 756 latissime
582 701 669 775 patet
702 691 882 774 imaginum
909 714 1030 775 genus,
1068 715 1150 776 quae
1179 695 1220 757 ad

93 798 316 862 Herculem
338 810 493 883 spectant,
513 799 604 862 cuius
620 820 695 860 cum
710 798 783 862 fatis
807 801 989 882 saepissime
1012 801 1220 884 coniungitur

16 958 22 967 .
93 905 266 988 Neptunus
301 907 356 989 (cf.
389 909 429 975 Q.
455 909 496 970 R.
528 909 559 971 S.
586 908 626 970 V.
652 909 706 971 W.
732 906 809 970 GG.
834 906 903 969 lK.
929 906 989 970 *lt
1016 909 1084 970 *M.
1110 907 1195 972 *OQ
1207 936 1216 986 3

92 1034 121 1074 a.
146 1013 170 1075 f.
196 1014 245 1098 ἰ.)
294 1016 389 1082 Quod
404 1016 527 1099 aliquid
541 1015 679 1078 valuisse
695 1015 832 1090 videtur,
853 1025 889 1077 ut
903 1015 964 1078 viri
979 1015 1063 1078 docti
1079 1017 1218 1100 picturas

92 1123 246 1203 quasdam
267 1124 302 1185 in
324 1125 467 1187 medium
489 1124 681 1208 protulerint
709 1122 755 1204 (5.
782 1129 812 1184 6.
840 1131 867 1183 7.
896 1128 945 1185 20.
974 1125 1054 1207 21),
1083 1146 1217 1206 quarum

92 1229 146 1290 vix
170 1230 252 1294 duae
280 1232 323 1313 (5.
351 1234 413 1317 20.)
441 1254 515 1294 cum
538 1231 646 1315 aliqua
667 1229 890 1313 probabilitate
905 1230 1096 1313 Neptunum
1111 1234 1217 1295 omni-

91 1337 152 1400 bus
175 1338 334 1401 attributis
358 1341 471 1402 orbum
495 1340 681 1415 ostendunt,
707 1358 804 1420 quem
825 1349 862 1400 ut
883 1337 931 1400 ibi
952 1359 1216 1421 recognoscamus

89 1444 234 1529 picturae
263 1446 337 1509 *CC
368 1447 580 1510 similitudine
607 1468 854 1510 commovemur.
894 1446 933 1508 In
957 1447 1069 1509 ceteris
1098 1447 1144 1528 (6.
1172 1452 1212 1534 7.)

45 1530 49 1537 ’
91 1553 175 1616 nihil
197 1555 320 1631 obstat,
352 1556 524 1638 quominus
547 1557 644 1632 dene,
673 1555 712 1618 ad
736 1575 832 1637 quem
853 1553 1012 1617 Hercules
1034 1555 1214 1633 adducitur,

18 1671 28 1679 '
91 1661 214 1744 Iupiter
236 1663 475 1738 denominatum
508 1685 584 1726 nam
613 1640 774 1746 sceptrum
802 1661 879 1725 flore
903 1662 1059 1744 tripartito
1082 1685 1216 1726 corona-

10 1786 14 1793 ·
40 1818 46 1849 ;
91 1777 160 1831 turn
182 1770 330 1834 tridentis
352 1772 422 1834 vice
444 1793 511 1834 non
526 1771 621 1854 fungi
636 1770 780 1833 arbitror.
813 1770 887 1836 Qua
901 1771 938 1832 in
951 1791 986 1833 re
1001 1791 1079 1832 num
1103 1773 1215 1834 auxilii

90 1876 213 1959 aliquid
236 1880 427 1962 sperandum
452 1881 493 1942 sit
515 1901 555 1942 ex
570 1878 697 1941 Amasis
720 1879 905 1962 picturae),
930 1878 964 1939 in
980 1900 1043 1959 qua
1057 1879 1215 1943 Hercules

64 2007 108 2047 ·a
130 1986 276 2049 Minerva
298 1987 521 2070 Mercurioque
544 1988 584 2049 ad
606 1987 799 2069 Neptunum
820 1985 936 2048 adduci
958 1984 1068 2062 fertur,
1093 1989 1212 2051 nescio.

91 2092 164 2159 Quo
191 2116 264 2157 vero
293 2096 424 2158 nomine
453 2094 587 2157 baculus
617 2093 787 2156 conveniat
815 2093 987 2178 Neptuno,
1023 2115 1063 2156 ex
1091 2096 1216 2177 pictura

10 2190 30 2283 :¹
94 2200 191 2284 (rol,
223 2224 304 2285 quae
330 2203 365 2265 in
396 2225 519 2266 summa
548 2202 762 2265 controversia
784 2205 988 2285 versaturlss),
1023 2224 1118 2266 nemo
1141 2204 1213 2281 erit,

11 2306 14 2311 ’
88 2308 144 2390 qui
167 2310 335 2375 enucleare
357 2311 445 2374 velit.
1172 2390 1175 2395 p

174 2417 322 2480 Relicum
359 2429 417 2495 est,
452 2429 489 2482 ut
525 2419 668 2482 animum
705 2419 906 2480 advertamus
942 2418 982 2480 ad
1017 2417 1214 2502 picturarum

87 2542 211 2607 genus,
243 2527 329 2607 quod
353 2527 497 2609 quamvis
525 2528 629 2610 priore
652 2549 717 2590 non
739 2527 848 2589 minus
870 2525 933 2588 lete
956 2534 1080 2609 pateat,
1105 2537 1213 2590 tamen

10 2638 17 2711 'j
87 2652 277 2697 evasurum
299 2655 433 2716 genere,
466 2657 547 2719 quae
569 2635 670 2718 nigris
692 2635 803 2717 figuris
826 2644 937 2696 ornata
959 2643 1053 2710 sunt,
1082 2637 1213 2700 omnino

86 2738 230 2804 alienum
252 2751 311 2804 est.
343 2743 510 2806 Amores
534 2743 604 2806 dico
621 2743 790 2806 hominum
806 2752 838 2805 et
853 2743 985 2805 deorum
1000 2742 1035 2803 in
1049 2741 1115 2806 illis
1131 2743 1213 2806 ima-

12 2820 50 2927 ’ῃ
84 2848 219 2930 ginibus
242 2850 450 2933 conspicuos,
482 2873 563 2934 quae
591 2852 670 2914 duas
700 2861 825 2914 tantum
848 2850 899 2913 vel
920 2861 984 2913 tres
1008 2850 1127 2933 figuras
1151 2874 1213 2914 ex-

32 2964 53 3003 '·
84 2954 261 3041 hibent97).
302 2959 407 3040 Atque
429 2960 676 3042 repraesentatio
693 2961 823 3042 quidem
844 2959 918 3022 talis
934 2957 1000 3021 fere
1023 2968 1083 3035 est,
1108 2970 1144 3022 ut
1165 2961 1214 3023 vir

82 3062 183 3147 longe
206 3065 343 3147 pedibus
366 3066 573 3150 progrediens
596 3067 762 3130 mulierem
786 3067 977 3130 iuvenemve
999 3087 1132 3148 propere
1155 3069 1212 3130 de-

83 3183 267 3235 currentem
288 3174 472 3236 inseetetur.
509 3175 647 3257 Figurae
670 3196 743 3237 cum
764 3175 953 3259 plerumque
970 3178 1130 3241 attributis
1146 3201 1212 3241 non

20 3288 31 3321 '·
83 3281 182 3358 satis,
214 3290 251 3343 ut
280 3303 332 3344 eas
363 3281 570 3344 denominare
592 3281 771 3365 possimus,
803 3284 1021 3368 designentur,
1052 3307 1211 3349 summam

11 3370 14 3375 Ι
82 3398 219 3475 apparet
247 3389 463 3452 adhibendam
497 3411 567 3453 esse
599 3390 822 3473 prudentiam,
859 3414 900 3454 ne
933 3402 1057 3455 temere
1079 3394 1212 3458 nomina

81 3494 275 3572 efferamus3
310 3498 497 3581 saepissime
520 3499 608 3560 enim
630 3519 671 3560 ne
693 3498 781 3580 ipsos
805 3499 935 3580 quidem
957 3500 1107 3582 pictores,
1133 3504 1211 3585 quid

153 3669 196 3731 95)
217 3666 294 3725 Quae
312 3669 401 3721 obiter
425 3676 649 3722 commemoratur
671 3669 838 3733 aPanofke,
859 3671 931 3724 arch.
953 3689 1010 3724 anz.
1035 3675 1101 3725 1849
1119 3692 1145 3744 p.
1167 3676 1208 3726 ῖυ.

80 3750 140 3813 Qui
158 3754 280 3825 quamvis
298 3754 399 3808 vasculi
417 3756 530 3809 formam
549 3756 704 3826 amphorem
722 3774 780 3809 esse
798 3756 879 3820 dicet,
899 3765 988 3811 tamen
1008 3760 1146 3812 oenochoe
1164 3759 1209 3812 illa

44 3828 54 3865 f
80 3840 199 3895 eandem
217 3839 348 3910 picturam
366 3841 496 3895 exhibens
514 3851 543 3896 et
559 3843 593 3896 ab
612 3843 707 3896 eodem
725 3843 826 3912 pictore
845 3843 983 3909 confecta,
1004 3863 1073 3916 quae
1092 3862 1124 3897 ex
1143 3845 1209 3898 Bas·

25 3946 33 3955 ·
79 3918 270 3997 neggii'domo
288 3927 316 3979 in
334 3928 440 3980 comitis
459 3927 600 3982 Gourieffii
626 3929 822 3999 possessionem
840 3929 945 3983 venisse
972 3929 1070 3983 dicitur
1091 3930 1133 3995 (el.
1153 3931 1207 3984 cer.

79 4010 107 4065 Ι.
125 4028 153 4082 p.
175 4015 223 4064 193
243 4021 282 4066 nt.
306 4017 350 4078 1.),
370 4013 442 4067 idem
461 4015 598 4068 vasculum
616 4032 673 4068 esse
692 4014 807 4070 videtur.

22 4136 27 4141 -
102 4124 107 4131 ·
151 4101 194 4162 96)
215 4099 251 4151 ef.
272 4117 341 4169 quae
359 4100 438 4155 affert
454 4099 569 4154 Iahnius
587 4100 603 4152 l.
625 4102 642 4154 l.

151 4184 193 4250 97)
215 4184 257 4238 De
282 4187 380 4255 quibus
405 4186 511 4256 copiose
536 4194 563 4239 et
586 4187 720 4255 praeclare
744 4187 849 4256 scripsit
872 4187 1000 4252 lebuine,
1026 4185 1098 4240 arch.
1126 4188 1205 4241 beitr.

20 4348 25 4353 ,
80 4284 110 4343 e·
129 4271 234 4340 2899-
