2986 4912
724 319 764 379 25

166 492 316 584 ¹Desunt
338 501 445 555 tamen
468 490 613 574 vestigia,
640 491 758 571 quibus
781 490 924 573 alioquin
939 489 1063 572 priscae
1085 491 1162 554 artis
1177 491 1314 554 imitatio

185 608 325 664 notatur.
591 599 601 612 ’
983 684 986 689 ι

272 708 430 790 Reliquae
469 706 609 787 denique
653 715 728 766 sunt
764 714 829 768 tres
858 705 1018 787 picturae,
1056 727 1192 788 quarum
1233 707 1313 769 duas

195 810 255 898 (G.
273 816 326 900 Τ.)
347 814 533 878 recentioris
556 813 689 896 originis
711 811 847 896 vestigia
868 813 1037 876 manifeste
1060 835 1185 896 praese
1207 814 1314 877 feren-

74 906 77 911 ·
188 933 238 987 tes
261 923 389 988 silentio
412 922 713 1005 praetermittamus,
759 920 872 984 Restat
892 921 992 1005 igitur
1014 943 1052 984 ea
1079 921 1164 1007 (1.),
1194 922 1228 984 in
1251 943 1314 1004 qua
1412 918 1426 947 ‘³

186 1032 360 1115 Neptunus
395 1029 525 1113 palliolo
559 1029 694 1091 amictus
730 1028 776 1091 ita
807 1038 1081 1111 repraesentatur,
1117 1039 1153 1092 ut
1182 1051 1313 1093 umerus

186 1149 365 1224 pectusque
387 1139 537 1201 dextrum
558 1137 683 1199 nudum
706 1137 757 1198 sit.
798 1137 903 1202 Quem
925 1137 1072 1199 habitum
1087 1159 1161 1200 cum
1184 1159 1221 1200 eo
1237 1160 1315 1200 con·

186 1245 264 1309 ferri
286 1267 380 1329 posse
403 1253 550 1328 apparet,
576 1265 671 1327 quem
694 1244 727 1306 in
754 1243 1031 1328 gigantomachiae
1059 1244 1192 1327 picturis
1220 1244 1308 1327 (OC.)

185 1355 281 1417 modo
303 1353 542 1436 conspeximus.

275 1461 437 1543 Sequitur,
462 1469 499 1522 ut
519 1460 659 1522 vestium
676 1458 835 1534 habitum,
860 1458 912 1520 cui
934 1459 1089 1522 haetenus
1106 1482 1234 1543 operam
1257 1483 1311 1524 cu-

184 1591 318 1652 rumque
341 1568 523 1645 tribuimus,
541 1568 581 1630 ad
602 1567 760 1648 imagines
783 1567 904 1628 rubro
928 1567 1063 1630 colore
1086 1569 1187 1650 pictas
1209 1579 1314 1633 trans-

186 1686 301 1741 euntes
323 1698 572 1759 persequamur,
604 1675 639 1736 in
663 1673 780 1756 quibus
809 1673 864 1737 illa
892 1675 1027 1738 varietas
1054 1686 1156 1739 certae
1179 1699 1314 1741 eonsue-

183 1784 294 1848 tudini
316 1784 449 1846 cessisse
464 1784 602 1846 videtur.
637 1782 807 1846 Sollemnis
823 1782 909 1845 enim
925 1783 977 1845 dei
998 1783 1127 1847 habitus
1144 1795 1192 1848 est
1206 1786 1315 1849 tunica

184 1891 284 1974 longa
306 1891 440 1954 manicis
468 1891 519 1954 vel
541 1913 644 1974 usque
671 1890 711 1953 ad
736 1889 848 1953 ulnam
869 1892 1128 1973 dependentibus
1156 1893 1200 1976 (a.
1226 1894 1257 1955 b.
1284 1917 1311 1957 c.

187 2001 220 2063 d.
246 2021 274 2062 e.
300 2019 331 2081 g.
358 1998 389 2060 h.
416 1998 449 2060 k.
474 1997 519 2060 L?
543 2020 589 2060 cc.
614 1999 682 2080 bb.)
716 1997 766 2060 vel
788 1998 897 2080 paullo
919 1998 1118 2061 brevioribus
1146 2001 1185 2083 (f.
1203 2023 1246 2062 m.
1265 2002 1310 2085 x.)

80 2188 85 2201 Ι
187 2109 356 2183 instructa,
382 2107 433 2169 cui
456 2106 589 2188 pallium
612 2106 658 2170 ita
674 2105 912 2188 superinicitur,
937 2115 974 2169 ut
995 2107 1162 2171 brachium
1184 2119 1335 2192 pectus.

186 2237 249 2298 que
271 2216 420 2278 dextrum
443 2236 509 2276 non
531 2224 716 2298 coopertum
738 2214 790 2276 sit.
824 2214 900 2275 Huc
922 2213 1032 2276 referri
1054 2198 1147 2305 posse
1163 2217 1314 2280 videntur

185 2323 344 2406 imagines
366 2323 512 2385 nondum
534 2321 656 2399 editae,
681 2342 759 2403 quas
782 2306 882 2384 literis
905 2322 951 2384 *a
976 2321 1021 2384 *c.
1048 2324 1097 2384 *d
1122 2323 1169 2386 *e
1196 2325 1313 2389 distin-

98 2448 102 2455 ·
185 2430 304 2493 ximus.
351 2428 527 2493 Rarissime
558 2428 645 2491 enim
676 2438 847 2491 occurrunt
880 2428 1023 2512 picturae
1056 2431 1092 2513 (i.
1118 2431 1196 2514 aa),
1232 2454 1313 2514 quae

185 2537 321 2622 pallium
344 2538 454 2621 paullo
476 2537 569 2600 aliter
590 2536 781 2621 dispositum
805 2536 987 2599 ostendant.

274 2647 340 2709 lam
363 2646 420 2709 has
442 2645 601 2727 imagines
622 2667 695 2707 curn
717 2644 852 2727 picturis
874 2644 989 2727 prioris
1003 2647 1130 2728 generis
1145 2647 1315 2710 conferen-

186 2754 275 2817 tibus
306 2754 400 2816 nobis
431 2753 617 2816 discrimina
646 2752 816 2815 manifesta
844 2753 879 2814 in
906 2752 1015 2815 oculos
1044 2753 1225 2818 incurrunt.
1270 2757 1315 2820 Ut

187 2861 326 2925 vestium
349 2883 444 2945 rugas
475 2871 508 2923 et
535 2861 625 2922 sinus
648 2860 811 2937 omittam,
839 2860 895 2944 qui
918 2862 1063 2942 quamvis
1085 2862 1233 2925 liberiore
1255 2865 1313 2927 de-

186 2969 361 3033 lineatione
383 2969 488 3033 adhuc
503 2977 646 3032 carentes
670 2990 795 3030 summa
816 2968 984 3050 diligentia
1006 2992 1232 3053 nonnusquam
1260 2971 1308 3053 (l.)

186 3079 425 3162 exprimuntur,
460 3078 579 3140 dosunt
608 3074 750 3139 vestibus
780 3076 872 3138 limbi
901 3077 987 3139 varie
1022 3078 1157 3160 depicti,
1197 3079 1314 3141 desunt

184 3185 345 3268 virgarum
369 3185 596 3267 stellarumque
618 3192 816 3247 ornamenta.
863 3184 910 3246 Ac
939 3195 1160 3248 successerunt
1182 3187 1313 3268 quidem

183 3293 293 3376 virgae
316 3314 478 3375 rugaeque
500 3292 689 3354 tenuissime
712 3292 935 3368 adumbratae,
960 3315 1041 3375 quae
1063 3292 1253 3376 plerumque
1275 3305 1313 3357 ut

98 3396 122 3403 ”
184 3401 313 3464 tunicas
336 3401 445 3464 laneas
461 3399 606 3461 indicent
631 3401 676 3480 (1.
701 3399 734 3460 b.
760 3399 781 3460 f.
808 3399 841 3461 h.
866 3399 900 3461 k.
926 3423 957 3462 x.
984 3402 1058 3484 cc),
1083 3423 1312 3484 nonnusquam

188 3512 227 3593 (c.
254 3509 285 3569 d.
311 3509 346 3591 i.)
373 3519 504 3571 ornatus
527 3529 623 3570 causa
645 3507 787 3570 adiectae
810 3529 878 3570 esse
896 3509 1056 3572 videntur.
1089 3509 1194 3572 Multo
1210 3511 1312 3591 magis

184 3638 260 3679 vero
289 3615 350 3678 hoc
380 3617 551 3679 discrimen
579 3624 715 3698 augetur
748 3615 838 3700 pallii
871 3625 997 3699 gestatu
1026 3600 1163 3680 diverso.
1210 3617 1312 3681 Pallio

183 3724 273 3787 enim
295 3733 388 3786 antea
408 3724 583 3807 Neptunus
605 3724 650 3787 ita
671 3723 807 3788 amictus
830 3745 899 3787 esse
922 3724 1055 3801 solebat,
1080 3735 1118 3789 ut
1139 3725 1256 3788 lacinia
1276 3726 1311 3788 in

181 3842 309 3914 tergum
338 3833 500 3916 pendente
536 3831 736 3915 brachiisque
771 3831 884 3895 velatis
917 3840 1019 3894 totum
1048 3842 1169 3916 tegeret
1199 3842 1311 3917 pectus

187 3940 238 4022 (A.
264 3941 303 4001 B.
329 3940 366 4001 F.
392 3939 464 4022 N.),
488 3941 600 4002 autin
622 3940 753 4002 modum
776 3939 950 4024 chlamydis
967 3939 1206 4003 circumiectum
1222 3950 1311 4024 tergo

182 4048 309 4110 obtecto
332 4049 371 4110 de
395 4047 513 4109 umeris
536 4047 571 4109 in
593 4047 723 4111 brachia
748 4069 848 4130 aeque
876 4048 1072 4132 dependeret
1099 4048 1144 4130 (C.
1170 4049 1216 4111 M.
1243 4050 1307 4132 R).

182 4155 233 4218 Ne
256 4155 328 4238 quis
359 4165 467 4218 tamen
496 4155 622 4216 credere
644 4155 796 4239 incipiat,
829 4177 950 4218 novum
972 4155 1076 4231 illum,
1101 4155 1193 4218 cuius
1216 4178 1312 4240 supra

181 4262 381 4328 mentionem
403 4262 558 4339 fecimus,
587 4262 678 4348 pallii
701 4263 847 4348 gestandi
872 4285 992 4328 morem
1016 4262 1147 4328 omnino
1169 4259 1311 4325 alienum
