2986 4912
736 285 774 348 16

186 461 288 520 tutam
311 454 439 536 esse50).
467 452 538 543 'Eis
560 454 658 531 enirn,
683 456 739 538 qui
761 455 917 521 coloniam
936 470 1009 542 post
1024 460 1168 543 Sybarin.
1182 461 1328 524 demum

177 560 324 637 ¹deletam
343 563 515 641 deductam
538 586 605 628 esse
627 566 804 651 putantffl),
826 574 967 629 veterum
987 568 1179 652 scriptorum
1201 579 1314 632 aueto-

187 671 262 734 ritas
271 670 305 754 52)
333 682 440 754 aperte
461 682 631 755 repugnat.
656 672 768 754 Itaque
791 693 865 734 cum
889 695 993 756 neque
1016 677 1056 738 ad
1079 685 1180 740 certos
1207 698 1324 770 neque

189 781 229 842 ad
252 789 406 862 angustos
429 761 580 863 temporis
603 781 697 857 fineS,
722 780 806 842 intra
828 802 906 863 quos
929 783 1055 845 nummi
1077 784 1170 846 nobis
1193 786 1320 848 servati·

2 903 12 921 ⁵
108 960 109 963 Ἴ
186 887 330 970 percussi
353 887 427 968 sint,
453 889 690 970 respiciendum
713 889 772 964 sit,
797 888 875 970 quid
897 889 1019 966 obstat,
1045 880 1218 974 quominus
1242 913 1309 969 eos,

187 997 226 1057 de
248 995 365 1077 quibus
387 1016 475 1056 nune
492 995 633 1079 agimus,
658 994 722 1057 illis
745 996 944 1077 temporibus
960 998 1166 1074 ascribamne,
1192 999 1310 1081 quibus

187 1101 369 1184 ceteroquin
386 1102 506 1185 optime
521 1103 713 1185 respondere
729 1102 915 1166 videantur?
950 1104 1084 1168 Inousos
1099 1106 1198 1190 igitur
1212 1129 1310 1168 num-

186 1231 255 1272 mos
285 1210 361 1272 inde
388 1210 428 1272 ab
452 1210 493 1273 ol.
517 1211 612 1284 LX.‚
644 1210 734 1285 illos,
767 1211 823 1292 qui
845 1220 973 1272 taurum
995 1213 1186 1290 ostendunt,
1218 1216 1312 1277 cuius

186 1319 316 1402 signum
338 1339 404 1379 non
426 1339 445 1379 a
467 1318 711 1402 Troezeniisu),
744 1318 799 1380 sed
821 1317 928 1401 potius
951 1341 969 1380 a
992 1319 1145 1401 Sybaritis
1167 1331 1241 1404 post
1255 1343 1312 1383 ur-

124 1481 127 1484 ,
186 1425 261 1487 bem
283 1425 420 1488 deletam
442 1425 600 1489 cum'alio
616 1435 692 1496 xturn
714 1425 921 1488 Posidoniam
944 1425 1206 1511 confugientibus
1230 1429 1311 1492 alla-

185 1542 255 1594 tum
286 1553 356 1596 esse
385 1533 529 1609 videtur,
562 1554 629 1595 non
651 1533 740 1616 prius
763 1555 860 1616 quam
881 1533 958 1595 inde
981 1536 1020 1598 ab
1044 1535 1086 1597 ol.
1112 1535 1249 1599 LXVII.
1277 1543 1308 1613 3,

186 1661 249 1722 quo
271 1662 357 1703 anno
380 1640 508 1722 Sybaris
536 1636 641 1703 deleta
663 1651 727 1716 est,
757 1660 923 1723 percussos
946 1663 1016 1704 esse
1039 1663 1166 1706 censeo.
1214 1645 1310 1711 Quod

185 1731 229 1810 ita
259 1747 395 1831 accipias
425 1748 540 1824 velim,
570 1759 607 1810 ut
633 1748 709 1810 inde
731 1748 770 1811 ab
794 1748 849 1809 illa
871 1757 974 1811 aetate
996 1750 1164 1832 utriusque
1187 1751 1317 1814 ordinis>

184 1857 325 1919 nummis
348 1857 460 1919 eodem
482 1865 624 1938 tempore
640 1856 692 1919 usi
707 1877 776 1918 esse
792 1856 1013 1922 Posidoniates
1028 1857 1165 1939 putandi
1180 1857 1246 1919 sint
1253 1859 1306 1940 ⁵⁴),

186 1965 272 2047 quod
285 1964 447 2048 'probatur
468 1964 655 2026 incusorum
677 1964 877 2046 quorundam
892 1964 961 2047 typi
976 1964 1203 2042 delineatione,
1228 1987 1310 2047 quae

97 2082 100 2103 ¹
185 2073 225 2134 ad
256 2082 355 2135 artem
376 2071 573 2155 picturarum
595 2072 690 2134 rubro
714 2069 818 2134 colore
841 2071 1063 2134 distinctarum
1085 2072 1231 2154 proxime
1254 2094 1308 2137 ac-

185 2179 287 2243 cedat.
326 2179 441 2260 Neque
463 2201 482 2242 a
503 2178 669 2241 verisimili
692 2178 833 2241 alienum
857 2188 915 2254 est,
941 2179 1034 2241 nobis
1051 2200 1091 2240 ex
1105 2178 1161 2241 illo
1177 2180 1309 2262 potissi-

160 2282 168 2292 *
183 2307 272 2349 mum
301 2295 444 2369 tempore
466 2308 616 2348 nummos
639 2296 779 2349 servatos
803 2307 891 2361 esse,
924 2308 987 2368 quo
1010 2285 1217 2350 Posidoniam
1240 2309 1309 2350 ma-

160 2384 269 2457 ‘xime
284 2394 428 2456 floruisse
441 2414 482 2455 ex
497 2394 584 2456 urbis
595 2395 814 2457 monumentis
830 2394 996 2475 ruinisque
1011 2394 1106 2456 bodie
1122 2394 1307 2461 extantibus

183 2502 394 2586 conspicuum
416 2511 464 2565 est
472 2504 523 2585 ⁵⁵).

269 2611 337 2673 lam
365 2631 438 2673 cum
461 2630 666 2672 nummorum
682 2608 877 2672 editionibus
892 2618 967 2672 ante
983 2619 1129 2672 nostrum
1144 2611 1309 2673 saeculum

192 2864 197 2877 ¹
252 2852 292 2916 50)
314 2850 348 2902 cf.
369 2849 475 2912 Crosse,
496 2866 592 2901 comm.
612 2848 710 2910 brevis,
730 2866 785 2918 qua
802 2849 830 2901 in
847 2848 939 2900 Paesti
958 2848 1044 2916 origg.
1059 2855 1087 2900 et
1104 2847 1192 2901 vicies.
1207 2849 1307 2919 inquit.

183 2954 210 3006 p.
232 2923 290 3000 14;'
303 2933 553 2999 Raoul-Roohette,
573 2935 654 2988 etabl.
675 2935 723 2987 des
748 2935 799 2988 col.
826 2951 866 3002 gr.
887 2932 939 2985 ΙΙΙ.
964 2952 990 3003 p.
1011 2937 1061 2985 244
1083 2950 1159 3003 sqq.;
1186 2934 1249 2988 Duc
1274 2935 1307 2988 de

182 3023 300 3092 Luynes‚
320 3038 400 3074 nouv.
421 3038 483 3073 ann.
504 3020 527 3072 Ι.
548 3038 574 3090 p.
596 3022 654 3072 429.

251 3111 291 3173 51)
313 3107 478 3170 Mazoehius,
499 3125 595 3160 comm.
615 3106 643 3158 in
662 3107 718 3160 tab.
738 3106 804 3159 Her.
825 3124 852 3175 p.
873 3107 936 3171 4983
958 3105 1120 3175 Magnanus,
1140 3106 1207 3158 Luc.
1228 3124 1304 3159 num.

181 3211 208 3263 p.
230 3195 274 3259 103
294 3193 427 3264 Heynius‚
449 3210 492 3263 op.
513 3193 589 3246 acad.
610 3192 779 3262 11.p.263;
805 3191 952 3260 Forbiger,
977 3191 1064 3262 Pauly
1082 3192 1204 3246 R.-Enc.
1224 3191 1258 3243 V.
1279 3194 1303 3242 2.

180 3296 205 3332 v.
226 3280 362 3333 Paestum.
844 3294 845 3299 ¹

251 3368 290 3430 52)
313 3365 426 3418 Aristot.
446 3363 503 3417 Pol.
524 3363 558 3415 V.
580 3367 607 3428 7;
628 3362 733 3416 Herod.
753 3362 777 3415 1.
799 3365 856 3415 167.

250 3453 288 3515 53)
311 3450 394 3508 Quod
410 3450 497 3504 voluit
514 3449 568 3502 (lux
585 3449 771 3520 Luynensium
789 3466 870 3503 nouv.
890 3467 954 3502 anu.
974 3448 996 3501 Ι.
1016 3465 1044 3519 p.
1063 3450 1124 3508 429.
1175 3503 1177 3506 ,

250 3539 291 3601 54)
313 3535 356 3590 Sic
375 3537 446 3590 enim
465 3542 575 3599 statues,
596 3534 617 3588 si
635 3535 733 3589 videris
752 3553 890 3590 nummum
908 3553 924 3588 a
941 3533 1112 3603 Millingenio
1131 3533 1243 3597 editum,
1259 3535 1305 3604 qui

180 3629 288 3676 taurum
311 3624 438 3692 praebet,
463 3630 602 3693 praeterea
625 3623 841 3686 memorabilem,
867 3622 940 3690 quod
963 3621 1076 3674 similem
1101 3620 1303 3691 inscriptionem

180 3708 300 3764 ostendit
326 3726 356 3760 ae
381 3726 552 3762 nummorum
579 3707 733 3762 incusorum
761 3707 900 3771 nonnulli,
925 3707 954 3759 in
982 3707 1078 3777 quibus
1107 3712 1181 3760 n553
1205 3707 1305 3776 legitur

183 3798 214 3866 (y.
230 3798 269 3861 ι).
306 3794 384 3852 Quae
402 3795 495 3849 literae
513 3795 579 3865 quid
597 3793 649 3846 sibi
668 3795 760 3857 velint,
775 3793 897 3864 quamvis
915 3795 950 3847 ad
962 3793 1094 3864 liquidum
1108 3793 1228 3846 nondum
1241 3811 1303 3863 per·
1337 3857 1346 3873 .

180 3880 291 3936 ductum
309 3881 352 3943 sit,
372 3888 462 3934 tamen
481 3898 526 3934 eas
544 3880 580 3934 ad
597 3881 713 3949 priscum
732 3880 823 3950 oppidi
842 3897 957 3944 nomen,
983 3881 1056 3952 quod
1073 3879 1203 3934 Phistulis
1222 3880 1304 3935 fuisse

180 3965 279 4020 dieitur
306 3967 347 4032 (cl.
367 3965 475 4030 Mieali,
500 3967 596 4021 l’ltalia
620 3967 642 4018 Ι.
662 3985 689 4037 p.
715 3968 796 4032 234),
824 3983 880 4019 non
904 3966 1058 4020 referendas
1082 3984 1153 4030 esse,
1180 3975 1304 4020 constare

179 4051 294 4105 videtur.
315 4053 349 4106 cf.
371 4052 500 4122 Magnae,
520 4055 585 4107 Luc.
606 4071 679 4105 num.
699 4070 726 4121 p.
750 4053 794 4116 13;
815 4051 877 4106 Duc
895 4052 928 4106 de
947 4053 1071 4123 Luynes,
1092 4069 1155 4105 ann.
1177 4070 1258 4107 nour.
1278 4051 1302 4104 Ι.

178 4154 205 4206 p.
226 4140 290 4203 4313
311 4137 465 4206 Millingen,
485 4155 543 4192 ane.
565 4141 641 4192 coins
658 4156 685 4208 p.
706 4141 735 4203 63
757 4137 859 4208 sylloge
877 4156 903 4209 p.
927 4141 970 4202 19;
996 4137 1064 4191 bull.
1085 4155 1147 4208 nap.
1169 4138 1191 4190 I.
1212 4156 1239 4208 p.
1260 4141 1301 4189 24.

248 4231 288 4294 55)
311 4228 416 4292 Crosse,
440 4228 457 4280 l.
477 4227 496 4280 l.
516 4246 542 4298 p.
565 4232 605 4281 15.
1226 4219 1229 4223 ’
