2986 4912
645 299 771 359 ·43

186 469 394 546 attributum,
419 464 600 552 quodcum
623 468 694 530 aliis
714 469 860 551 personis
894 491 967 555 oum
995 469 1150 550 Neptuno
1172 468 1315 551 marique

186 577 369 666 fabularum
392 599 480 640 nexu
503 575 695 652 coniunctis,
719 587 756 638 ut
771 577 922 653 Taranta,
944 576 1160 660 Amymonen,
1177 576 1316 659 Amphi-

187 685 284 747 triten
293 686 329 768 ⁸⁵)
358 684 499 761 afferam,
525 684 692 760 conyenit,
724 694 804 751 tum⁴
823 705 898 747 vero
926 684 1024 747 Nerei
1052 684 1209 747 tributum
1238 705 1317 746 con—

188 792 322 876 spicitur
344 792 380 854 in
402 792 540 876 pictura,
566 814 647 874 quae
669 791 877 875 inscriptione
899 793 1007 856 addita
1030 815 1105 856 eum
1133 793 1168 855 in
1196 791 1317 875 piscem

187 901 390 963 desinentem
419 900 559 963 ostendit
567 902 617 983 86).
674 901 780 966 Quare
808 899 863 963 vix
892 900 1029 964 dubium
1051 911 1117 977 est,
1148 892 1227 983 quin
1256 900 1316 963 hae

185 1007 329 1090 picturae
360 1029 412 1069 ex·
432 1030 541 1071 earum
570 1029 718 1084 numero,
749 1030 831 1091 quae
858 1029 967 1071 veram
995 1007 1144 1091 Neptuni
1180 1009 1316 1090 figuram

184 1116 352 1198 praebent,
377 1115 556 1178 reiciendae
579 1115 654 1179 siut.

269 1219 347 1284 Non
373 1234 438 1286 tam
455 1233 540 1286 certe
563 1212 626 1287 dici
648 1233 766 1307 potest,
791 1223 870 1305 quid
893 1223 955 1284 sibi
977 1223 1056 1286 velit
1075 1225 1179 1306 figura
1193 1223 1317 1288 triden-
1403 1216 1408 1223 ¹

186 1340 252 1392 tem
280 1340 395 1394 tenens
418 1331 571 1394 imberbis
607 1332 674 1416 (6.).
732 1331 817 1393 Nam
854 1331 913 1393 etsi
946 1331 1098 1394 iuvenilis
1135 1331 1265 1394 habitus
1298 1355 1317 1395 a

189 1438 336 1522 Neptuni
359 1441 464 1520 figura
485 1460 551 1501 non
574 1437 699 1501 alienus
721 1438 781 1522 (ll.)
802 1460 871 1502 esse
893 1439 1032 1514 videtur,
1050 1449 1156 1502 tamen
1172 1440 1316 1503 hocloco

188 1549 321 1626 omnino
345 1546 542 1622 nonhabet,
568 1567 631 1628 quo
654 1546 842 1629 explicetur.
890 1547 963 1619 Quo
986 1545 1106 1608 factum
1129 1557 1188 1623 est,
1213 1557 1250 1610 ut
1264 1548 1316 1610 in-

186 1657 323 1720 ciderint
352 1656 612 1737 interpretatores
641 1654 785 1738 picturae
810 1665 867 1717 aut
893 1654 928 1716 in
951 1654 1178 1717 Palaemonem
1187 1656 1221 1738 81)
1260 1665 1316 1718 aut

184 1765 220 1826 in
254 1761 477 1846 Amphitriten
487 1763 539 1846 88).
600 1762 666 1829 Qui
702 1763 893 1846 Neptunum
933 1772 1207 1846 repraesentatum
1246 1784 1314 1825 esse

185 1883 288 1956 putat,
314 1869 582 1953 (101101110039),
613 1870 653 1933 ad
677 1869 863 1953 opinionem
892 1892 983 1932 suam
1007 1871 1194 1933 firmandam
1218 1891 1314 1952 argu-

184 1989 293 2042 menta
316 2001 381 2040 non
412 1977 512 2040 affert.
566 1977 680 2059 Neque
709 1999 784 2040 vero
807 1988 942 2062 possunt
974 1977 1079 2040 afferri
1112 1988 1311 2059 argumenta,

134 2067 137 2071 .
183 2087 229 2149 ita
252 2097 289 2148 ut
310 2108 360 2148 res
382 2087 417 2148 in
439 2083 546 2146 medio
569 2084 781 2168 relinquenda
804 2107 872 2148 esse
896 2085 1051 2148 videatur.

275 2193 401 2256 Deinde
424 2193 633 2277 picturarum,
658 2195 693 2256 in
716 2194 833 2276 quibus
856 2194 917 2256 viri
939 2194 1026 2256 docti
1048 2217 1086 2256 ex
1110 2195 1222 2276 figuris
1241 2215 1314 2256 eum
1423 2225 1427 2234 ·

183 2300 377 2383 stipantibus
403 2301 594 2384 Neptunum
620 2322 809 2382 recognosse
833 2302 894 2364 sibi
920 2302 1087 2378 videntur,
1114 2311 1314 2384 quattuor

177 2419 259 2470 sunt
281 2430 442 2490 genera.
507 2433 509 2437 ·

269 2517 317 2577 Ac
345 2517 485 2599 primum
515 2517 645 2599 quidem
675 2540 715 2582 ex
743 2517 876 2602 picturis
899 2539 996 2601 supra
1017 2516 1121 2582 allatis
1143 2516 1312 2596 (Α.-Ε.;

183 2623 375 2707 *rt-*Ga
390 2627 424 2707 ⁰⁰)
447 2624 619 2709 colligitur,
643 2625 887 2688 usitatissimum
909 2625 1009 2689 fuisse
1031 2623 1206 2709 pictoribus
1229 2624 1315 2687 anti-

182 2731 346 2813 quissimis
362 2733 553 2815 Neptunum
574 2732 797 2816 Delphicis
820 2733 908 2796 deis
927 2734 1219 2815 Mercurioque
1235 2754 1313 2794 con-

183 2839 302 2901 sociare
312 2843 362 2923 l¹).
393 2841 461 2903 Iam
478 2861 550 2902 curn
574 2841 608 2902 in
624 2850 774 2925 promptu
791 2841 856 2903 sint
871 2828 1028 2922 imagines
1046 2841 1089 2922 (1.
1108 2843 1148 2924 2.)
1177 2840 1218 2903 ad
1240 2840 1313 2903 illa-

183 2969 255 3008 rum
271 2949 468 3029 picturarum
484 2947 730 3011 similitudinem
744 2949 861 3032 pictae,
878 2949 913 3011 in
930 2949 1047 3031 quibus
1066 2935 1114 3011 vir
1130 2948 1313 3030 ceteroquin

182 3055 337 3137 Neptuno
354 3057 549 3139 respondens
565 3057 770 3140 conspicitur,
796 3057 859 3119 nisi
876 3058 961 3140 quod
983 3067 1039 3120 aut
1053 3057 1215 3120 attributis
1232 3067 1315 3120 caret

188 3163 247 3243 (2.)
264 3174 320 3226 aut
341 3163 464 3246 virgam
487 3165 638 3227 manibus
661 3166 780 3228 retinet
800 3165 875 3249 (1.),
900 3187 967 3228 11011
988 3166 1111 3241 dubito,
1129 3163 1208 3246 quin
1231 3185 1314 3226 non·
1357 3178 1363 3188 ⁴

183 3360 384 3368 —-—————.

251 3480 292 3539 65)
315 3477 389 3529 11001.
418 3495 486 3530 mus.
507 3477 585 3530 b'orb.
606 3477 659 3530 lIl.
680 3485 733 3530 tar.
755 3480 797 3543 16.
818 3481 866 3543 61;
891 3485 947 3532 ant.
974 3480 1010 3532 du
1034 3477 1129 3547 bosph.
1150 3477 1239 3530 cimm.
1260 3477 1310 3529 111.

184 3565 224 3614 17.
246 3566 276 3624 73
297 3561 324 3614 d.
345 3581 369 3616 a.
390 3565 417 3616 k.
439 3562 476 3616 Π.
499 3567 521 3615 7.
544 3565 585 3614 al.
624 3563 749 3617 Ceterum
769 3565 802 3616 cs.
825 3563 856 3616 C.
876 3565 910 3617 R.
935 3565 1106 3633 lantper.
1196 3572 1198 3576 “

252 3651 293 3711 ab)
315 3667 383 3701 mus.
404 3650 474 3703 blac.
495 3653 527 3702 20
546 3673 577 3695 =
597 3650 629 3703 el.
651 3650 704 3703 cer.
726 3650 778 3702 ΙΙΙ.
800 3653 843 3702 33.

251 3738 292 3799 Sl)
314 3736 417 3789 Auctor
436 3736 551 3804 catalogi
570 3755 639 3790 mus.
659 3736 723 3790 brit.
744 3737 780 3790 ad
798 3750 829 3789 n⁰
844 3739 901 3790 581.

252 3824 293 3884 66)
314 3823 524 3876 Lenormantius
542 3824 577 3876 ad
595 3824 653 3877 cab.
674 3823 724 3876 etr.
745 3824 833 3876 11095.

251 3912 292 3972 8111
313 3928 337 3962 a.
358 3928 382 3961 v.
403 3909 440 3960 II.
460 3926 485 3986 p.
509 3910 566 3959 153.

252 3998 293 4060 96)
316 3995 388 4049 Addi
407 4000 498 4065 potest
509 3994 615 4064 pictura
627 3995 749 4065 hydriae,
763 4013 846 4066 quam
860 3994 940 4048 hodie
953 3994 982 4047 in
995 4011 1088 4048 museo
1102 3994 1313 4062 Altenburgensi

187 4083 317 4136 asservari
336 4089 451 4135 testatur
470 4080 645 4146 Gerhardius,
666 4081 738 4135 arch.
759 4101 817 4136 ana.
841 4083 905 4134 1854
924 4098 950 4150 p.
971 4083 1030 4132 499.

251 4170 292 4230 ol)
314 4169 442 4221 Veterum
466 4168 626 4237 scriptorum
650 4166 723 4230 loca,
751 4168 850 4238 quibus
872 4166 1030 4238 Neptunum
1061 4167 1160 4221 oraculi
1187 4165 1311 4236 Delphici

186 4253 343 4324 participem
362 4256 443 4308 luisse
461 4254 601 4325 probatur,
622 4254 701 4308 affert
720 4254 891 4325 Stephanius,
912 4255 941 4307 C.
963 4254 997 4308 R.
1021 4254 1081 4306 1861
1103 4270 1129 4325 p.
1149 4256 1189 4307 61.
