2986 4912
733 289 774 350 22

21 515 23 522 ,
195 481 331 542 rumque
348 459 500 545 cognosci
512 480 577 522 non
599 468 725 543 potest;
750 469 858 522 tamen
881 481 947 522 non
976 460 1093 523 desunt
1121 461 1264 536 nummi,
1289 461 1324 525 in
1436 487 1437 495 ¹

197 567 314 649 quibus
337 566 436 631 fascia
465 567 637 652 perspicue
658 588 809 651 expressa
832 567 873 632 sit
901 562 942 648 (ξ’.
962 563 1001 653 γ’.
1017 570 1070 652 a).

281 758 457 819 Barbam
479 777 553 818 vero
578 757 708 820 uberem
731 766 763 820 et
777 757 908 839 longam
924 759 965 821 ad
982 757 1129 841 Neptuni
1143 756 1277 819 formam
1295 768 1328 819 et

195 866 333 949 figuram
356 864 614 948 constituendam
636 865 688 928 vel
709 865 849 928 maxime
873 865 1042 948 pertinere,
1068 865 1215 948 quamvis
1245 866 1326 928 adeo
1372 893 1376 896 ·

197 980 332 1047 constet,
357 981 465 1034 utres
488 981 665 1035 memoratu
688 971 856 1056 dignavix
879 973 1044 1048 videatur,
1075 973 1186 1056 paucis
1216 983 1326 1036 tamen

200 1080 368 1142 ostendere
389 1078 502 1158 liceat,
527 1079 645 1143 barbae
667 1080 945 1144 adumbrationem
967 1079 1019 1143 vel
1047 1079 1219 1142 minimum
1247 1102 1327 1142 oon-

175 1268 180 1274 .
201 1187 312 1250 tulisse
335 1186 376 1249 ad
398 1185 570 1248 discrimen
592 1170 674 1249 illud
699 1188 903 1275 augendum,
934 1188 1020 1269 quod
1048 1186 1132 1250 inter
1157 1188 1266 1271 nigras
1296 1198 1330 1251 et

197 1294 309 1356 rubras
339 1292 634 1382 antiquissimorum
669 1315 818 1358 vasorum
847 1295 966 1376 figuras
996 1294 1190 1369 intercedere
1229 1317 1328 1380 supra

158 1454 164 1471 Ι
196 1400 429 1490 perspeximus

207 1517 225 1586 f
284 1508 333 1572 Ao
355 1509 459 1592 primo
483 1509 615 1591 quidem
645 1509 724 1572 deus
752 1510 853 1597 barba
880 1510 956 1573 satis
985 1510 1076 1573 tenui
1105 1520 1136 1573 et
1163 1511 1330 1577 decurtata

200 1617 364 1700 praeditus
387 1626 644 1700 repraesentatur
672 1615 718 1696 (Ο.
739 1617 777 1679 L.
796 1617 833 1678 P.
852 1617 891 1683 Q.
911 1618 968 1701 X.)
1007 1618 1099 1680 euius
1114 1618 1329 1682 imitationem

197 1746 238 1787 ne
268 1723 454 1788 recentioris
483 1723 612 1806 quidem
642 1723 755 1786 aetatis
778 1746 828 1787 ars
857 1722 909 1805 (G.
927 1725 972 1786 H.
992 1725 1044 1808 T.)
1072 1735 1242 1809 aspernata
1263 1735 1324 1790 est.

197 1814 289 1898 Quae
309 1832 455 1914 quamvis
471 1829 591 1894 sensim
608 1841 767 1894 accrescat
795 1831 856 1911 (W.
875 1831 916 1915 E.
934 1832 975 1894 D.
994 1833 1033 1895 U.
1053 1832 1093 1895 Ο.
1112 1833 1152 1895 R.
1170 1833 1236 1895 FF.
1254 1833 1325 1897 EE.

196 1938 318 2022 Y.l⁶4l,
343 1939 420 2002 dum
450 1939 576 2023 copiam
599 1939 676 2002 satis
699 1939 830 2002 uberem
860 1948 1007 2003 assecuta
1029 1941 1071 2003 sit
1099 1939 1146 2021 (A.
1164 1942 1202 2004 Β.
1221 1941 1256 2003 F.
1277 1942 1323 2004 K.

196 2046 243 2110 M.
262 2047 306 2109 N.
325 2047 357 2110 S.
376 2047 417 2109 V.
432 2045 502 2109 BB.
521 2045 628 2130 GG.),
653 2056 762 2110 tamen
786 2068 911 2130 semper
933 2048 1028 2111 cunei
1047 2048 1148 2111 instar
1162 2049 1197 2111 in
1212 2034 1327 2133 pectus

196 2154 421 2238 descenditssll.
1205 2230 1207 2234 p

282 2262 390 2345 Atque
422 2261 506 2326 hano
539 2262 671 2344 quidem
701 2283 771 2326 esse
799 2262 918 2327 barbae
951 2261 1087 2326 formam
1121 2274 1153 2327 et
1186 2265 1326 2348 copiam,

198 2391 295 2454 quam
316 2368 468 2452 pictores,
493 2368 549 2453 qui
571 2370 667 2432 rubro
690 2369 864 2433 utebantur
887 2369 1001 2445 colore,
1026 2371 1223 2454 recipiebant
1238 2383 1270 2435 et
1292 2373 1328 2436 in

198 2500 294 2541 usum
317 2499 412 2545 suurn
428 2477 675 2554 convertebant,
703 2477 839 2561 picturis
862 2479 939 2541 satis
962 2479 1216 2554 demonstratur,
1247 2502 1329 2563 quas

197 2586 298 2649 literis
320 2585 345 2648 f.
364 2607 411 2648 co.
430 2584 463 2647 h.
482 2594 504 2646 t.
524 2607 567 2647 m.
587 2607 619 2646 x.
639 2607 663 2646 r.
682 2585 704 2647 l.
724 2607 772 2648 aa.
799 2585 1058 2670 designavimus,
1089 2609 1225 2669 quarum
1256 2610 1325 2666 eae,

200 2715 279 2776 quas
302 2693 337 2755 in
359 2692 456 2755 huius
479 2691 600 2755 ordinis
622 2693 687 2755 fine
708 2692 889 2776 posuimus,
914 2693 1045 2757 barbam
1068 2715 1144 2758 sane
1166 2696 1329 2761 excultam

199 2810 232 2864 et
253 2799 383 2885 plenam
406 2800 590 2881 ostendunt.
639 2799 753 2882 Neque
775 2801 894 2863 desunt
915 2799 1072 2884 imagines
1087 2803 1233 2883 quamvis
1249 2806 1328 2868 artis

201 2929 373 2992 progressu
394 2905 552 2991 insignes,
576 2907 611 2969 in
634 2906 752 2988 quibus
775 2907 896 2992 exigua
918 2917 967 2972 est
995 2918 1027 2972 et
1048 2930 1151 2991 paene
1173 2911 1214 2974 ad
1228 2912 1328 2995 prisci

199 3015 353 3098 temporis
387 3034 532 3077 normam
568 3014 655 3097 picta
693 3012 730 3095 (a.
749 3015 782 3077 b.
802 3036 829 3076 o.
847 3015 879 3078 d.
898 3037 927 3078 e.
946 3015 979 3078 k.
998 3037 1027 3079 o.
1046 3038 1077 3078 v.
1095 3038 1136 3078 w.
1155 3039 1186 3099 q.
1209 3039 1241 3102 y.
1267 3019 1327 3104 a).

200 3124 292 3191 Quae
315 3144 389 3186 oum
411 3122 456 3186 ita
478 3121 558 3201 sint,
582 3128 729 3206 apertum
758 3131 825 3198 est,
855 3123 973 3187 barbae
1001 3123 1149 3188 habitum
1179 3124 1329 3192 liberiore

201 3209 416 3295 delineatione
440 3230 546 3293 adhuc
561 3229 692 3292 omnino
715 3251 820 3293 carere
842 3253 947 3313 neque
970 3241 1106 3315 usquam
1136 3233 1232 3296 cirros
1255 3234 1329 3298 illos

201 3340 379 3413 ostendere,
404 3338 461 3420 qui
483 3337 518 3399 in
540 3336 676 3419 picturis
705 3347 818 3420 postea
845 3337 939 3402 factis
968 3339 1122 3404 facillima
1148 3363 1247 3421 manu
1270 3326 1334 3421 rau*->

199 3445 300 3531 pressi
340 3446 456 3509 barbae
494 3443 771 3508 adumbrationem
801 3447 844 3509 ad
875 3468 1035 3509 summam
1075 3447 1328 3531 pulcritudinem

199 3555 391 3638 perducunt.
693 3540 699 3546 ¹

286 3660 387 3723 Haud
416 3681 507 3724 secus
537 3661 744 3724 statuendum
780 3683 850 3725 esse
883 3661 1009 3724 videtur
1038 3662 1078 3725 de
1123 3664 1327 3749 anaglyphis,

270 3908 311 3969 sl)
332 3901 464 3972 Exempla
481 3919 529 3971 pro
548 3901 648 3954 barbae
666 3901 751 3954 lorma
769 3899 898 3970 disposui.

271 3995 311 4054 65]
334 3991 365 4042 ln
384 3987 489 4059 pictura
507 3987 572 4050 DD,
593 4004 673 4057 quam
692 3987 744 4040 iam
763 4004 845 4057 supra
863 3988 898 4040 ad
919 3988 1077 4042 imitationis
1095 3976 1209 4044 aetatem
1221 3991 1328 4061 relega-

202 4073 298 4142 vimus,
318 4073 441 4145 Neptuni
458 4073 544 4127 barba
566 4073 645 4126 lineis
663 4071 735 4126 facili
758 4090 840 4126 manu
864 4073 937 4127 intus
960 4075 1060 4146 sparsis
1082 4076 1147 4129 satis
1169 4076 1253 4130 libere
1277 4079 1328 4132 ad-

203 4165 352 4220 umbratur.
380 4160 510 4214 Rotunda
527 4178 589 4213 vero
607 4160 702 4223 forma,
715 4176 797 4228 quarn
815 4160 961 4231 inpletura
978 4161 1030 4214 ΑΛ
1043 4163 1086 4216 dei
1103 4162 1188 4216 barba
1205 4163 1326 4233 praebet,

200 4242 312 4306 ¹omniuo
330 4245 475 4319 singularis
493 4253 542 4300 est.
