2986 4912
725 297 767 357 46

183 467 370 551 pingerent,
399 465 462 530 sibi
490 467 567 530 satis
597 467 740 551 conscios
763 467 864 530 fuisse
890 466 1049 529 existimo
1097 467 1180 529 Sunt
1202 477 1313 531 tamen

184 576 239 658 qui
271 576 443 658 prudentia
470 574 527 637 illa
553 575 700 656 neglecta
727 575 919 658 Neptunum
948 584 1004 636 aut
1027 584 1151 659 sceptro
1174 574 1314 637 distinc-

183 694 254 745 tum
292 683 357 765 (14.
388 691 435 745 15.
465 685 525 767 18.)
562 693 618 745 aut
645 682 806 746 attributis
843 692 1005 746 carentem
1033 681 1112 766 (17.)
1147 682 1315 746 invenisse
1359 732 1364 739 .

185 791 247 853 sibi
275 791 455 854 videantur.
501 791 549 853 Ae
576 790 681 853 virum
709 791 839 873 quidem
869 800 1031 874 sceptrum
1058 790 1251 853 retinentem
1279 789 1316 852 in
1387 824 1390 829 ·

184 899 282 960 huius
304 899 430 982 generis
445 897 586 980 picturis
608 898 719 961 Iovem
747 899 826 982 (14.)
855 918 937 974 esse,
961 898 1122 982 1111111093)
1156 897 1312 961 concedo.

186 1007 250 1070 Sed
278 1006 313 1067 in
343 1006 485 1088 pictura,
517 1028 612 1089 quam
642 1007 702 1069 sub
732 1024 772 1067 no
794 1014 843 1068 15.
868 1005 1110 1081 recensuimus,
1142 1005 1315 1071 mulierem

188 1135 324 1197 propere
356 1114 589 1191 decurrentem,
625 1136 721 1196 quam
756 1135 866 1177 aversa
895 1113 1018 1177 vasculi
1049 1135 1123 1196 pars
1155 1111 1312 1188 ostendit,

185 1221 279 1283 mitra
306 1220 490 1284 distinctam
520 1234 551 1284 et
580 1221 682 1284 facem
713 1223 815 1283 'mann
844 1221 1036 1284 retinentem
1064 1221 1214 1284 Cererem
1243 1241 1316 1282 esse

185 1339 327 1411 apparet,
351 1329 397 1392 ita
417 1340 455 1391 ut
477 1330 525 1392 vir
542 1331 668 1406 doctus,
692 1329 749 1412 qui
770 1329 928 1414 picturam
944 1328 1058 1406 edidit,
1083 1328 1163 1391 mihi
1179 1327 1315 1410 quidem

184 1457 251 1498 non
274 1458 395 1500 errasse
415 1439 572 1515 videatur,
596 1459 671 1500 eum
686 1439 726 1501 de
747 1438 957 1520 Proserpinae
979 1447 1074 1521 raptu
1097 1437 1312 1520 cogitarent).
1341 1479 1345 1487 ·

184 1544 235 1606 De
256 1543 389 1627 picturis
411 1568 486 1609 vero
515 1545 582 1627 (17.
611 1546 689 1629 18),
721 1567 803 1627 quae
825 1567 913 1607 nunc
934 1545 1119 1628 Petriburgi
1144 1565 1316 1611 asservan-

184 1661 247 1727 tur,
272 1653 370 1715 miror
392 1674 478 1729 eum,
503 1653 559 1736 qui
581 1653 719 1715 confecit
732 1652 840 1714 Musei
862 1653 1094 1737 campanensis
1117 1652 1313 1734 catalogum,

183 1758 258 1821 cum
280 1760 414 1823 Peleum
436 1761 671 1842 Thetidemque
699 1770 731 1822 et
760 1760 871 1823 [ovem
900 1759 1187 1843 Ganymedemque
1208 1759 1315 1842 pictos

183 1888 254 1930 esse
283 1879 444 1945 censeret,
482 1869 598 1932 melius
628 1868 748 1931 vidisse
777 1869 856 1950 quid
884 1868 926 1930 sit
954 1869 1181 1944 statuendum,
1213 1889 1315 1950 quam

181 1974 405 2059 Stephanium.
439 1978 478 2038 ln
492 1977 597 2060 priore
614 1975 745 2058 quidem
763 1975 916 2058 imagine,
931 1984 967 2038 ut
982 1977 1174 2060 Neptunum
1189 1996 1329 2057 agnos.

182 2093 276 2159 aeret,
303 2094 480 2147 commotus
503 2106 573 2148 esse
598 2084 726 2146 videtur
746 2083 835 2166 pisce
858 2105 876 2146 a
898 2083 1031 2147 muliere
1053 2094 1188 2158 retento,
1215 2105 1314 2166 quem

182 2189 315 2253 Thetidi
337 2191 457 2274 optimo
473 2191 543 2253 iure
558 2192 729 2254 convenire
744 2191 827 2254 alius
849 2191 994 2275 picturae
1009 2191 1193 2255 testimonio
1215 2190 1310 2272 (mus.

182 2297 264 2360 blac.
289 2298 334 2380 pl.
353 2299 426 2382 ΧΙ.)
455 2300 618 2382 probatur.
644 2299 771 2366 Quibus
786 2299 912 2362 reiectis
931 2321 996 2361 una
1012 2309 1158 2382 superest
1171 2299 1310 2382 pictura,

182 2406 223 2468 de
245 2427 308 2488 qua
329 2406 439 2489 paullo
461 2406 546 2470 infra
568 2407 743 2469 dicendum
766 2407 826 2470 erit
852 2409 948 2492 (16).

268 2514 337 2576 Iam
359 2525 475 2591 restat,
501 2526 537 2577 ut
559 2517 599 2579 de
622 2515 724 2578 tribus
748 2514 944 2597 imaginibus
973 2515 1021 2596 (8.
1047 2522 1077 2578 9.
1107 2518 1168 2598 19.)
1195 2515 1312 2598 loqua-

182 2642 266 2697 mur,
297 2643 378 2704 quae
401 2645 420 2685 a
441 2623 742 2706 repraesentationis
768 2643 886 2705 genere
914 2624 1009 2686 modo
1032 2625 1192 2704 descripto
1214 2623 1310 2707 paul-

181 2728 250 2790 lum
273 2728 397 2793 alienae
419 2752 486 2793 non
501 2731 609 2794 minus
623 2730 803 2794 reiciendas
819 2741 906 2794 sunt.
939 2732 1061 2794 Omnes
1078 2730 1166 2793 enim
1181 2727 1308 2811 causae,

183 2862 263 2922 quas
287 2839 430 2904 Walaius
457 2838 480 2900 1.
505 2838 528 2899 1.
560 2859 628 2901 non
655 2838 725 2901 sine
755 2839 886 2921 argutiis
917 2837 1042 2913 attulit,
1074 2847 1111 2900 111
1138 2838 1308 2920 picturam,

183 2969 264 3030 quae
286 2946 380 3009 nobis
403 2955 453 3008 est
473 2945 730 3021 undevicesima,
753 2945 908 3028 Neptuno
930 2946 1118 3023 vindicaret,
1143 2957 1308 3023 corruunt,

181 3078 256 3118 cum
278 3077 318 3118 ex
341 3053 485 3135 catalogo
508 3052 748 3137 Petropolitano
770 3052 792 3114 l.
815 3053 838 3114 l.
862 3053 1026 3130 iuvenem,
1051 3075 1146 3136 quern
1168 3053 1224 3117 ille
1246 3055 1310 3119 Pe-

180 3165 288 3248 lopem
311 3184 381 3225 esse
403 3161 522 3237 voluit,
552 3161 726 3224 hodiernae
749 3160 882 3244 originis
910 3183 980 3225 esse
1008 3171 1169 3245 appareat.
1215 3161 1308 3230 Quae

179 3273 244 3335 iam
266 3271 407 3353 reliquae
430 3279 507 3333 sunt
529 3269 670 3353 picturae
692 3269 801 3351 nigras
823 3269 942 3352 figuras
965 3269 1154 3352 praebentes
1177 3280 1233 3333 aut
1255 3292 1307 3333 re-

181 3380 330 3443 centioris
371 3377 504 3462 originis
542 3386 598 3440 aut
638 3376 738 3440 falsae
779 3377 1050 3460 interpretationis
1093 3375 1308 3460 suspitionem

180 3498 320 3551 movent.
366 3487 409 3549 Et
430 3485 572 3569 profecto
596 3506 661 3547 non
684 3484 744 3547 erit
764 3485 820 3567 qui
844 3495 947 3568 putet,
972 3484 1108 3568 priorem
1131 3484 1307 3566 imaginem
1385 3558 1395 3573 κ

180 3596 295 3672 adid,
325 3596 411 3678 quod
441 3593 642 3677 quaerimus,
674 3593 797 3675 aliquid
829 3593 952 3668 valere,
986 3614 1061 3654 cum
1090 3591 1308 3655 delineatione

178 3703 264 3767 facili
287 3703 344 3766 sed
366 3701 549 3784 neglegenti
572 3700 649 3763 satis
666 3700 913 3777 demonstretur,
938 3720 1009 3762 eam
1031 3699 1071 3761 ad
1094 3699 1207 3762 ultima
1229 3699 1307 3763 artis

179 3821 322 3894 tempora
344 3831 414 3874 esse
435 3808 651 3892 relegandam.
688 3807 833 3884 Accedit,
858 3807 945 3890 quod
965 3808 1217 3895 repraesentatio
1239 3817 1306 3871 tam

248 4087 289 4152 98)
311 4084 329 4138 l.
348 4085 367 4138 l.
388 4102 415 4156 p.
437 4087 484 4149 32;
505 4100 568 4137 ann.
591 4085 656 4135 1845
675 4100 701 4152 p.
723 4085 877 4136 3181114.

248 4176 289 4235 1111)
309 4170 424 4230 Minime
442 4172 546 4234 obstat,
565 4171 640 4240 quod
662 4169 740 4222 affert
756 4168 870 4222 Jabnius
888 4168 907 4220 l.
928 4168 946 4220 l.
966 4186 992 4237 p.
1014 4170 1071 4232 39.,
1092 4167 1139 4220 ubi
1159 4167 1304 4221 Plutonem

179 4275 283 4328 semper
301 4275 380 4312 curru
399 4259 534 4312 invectum
550 4256 739 4326 Proserpinam
759 4272 852 4324 rapere
874 4253 952 4318 dicit,
975 4255 1008 4306 el.
1024 4271 1048 4306 a.
1064 4255 1089 4307 d.
1105 4254 1157 4306 ΙΙΙ.
1178 4256 1303 4326 11113611.
