2986 4912
687 297 766 363 ‚34

182 488 258 530 nam
287 467 528 552 adproperans),
562 467 659 529 deum
688 489 755 529 non
783 465 876 530 aliter
906 487 943 528 ac
972 488 1107 551 propere
1129 479 1312 532 currentem

127 550 131 561 Ι
184 577 380 652 ostendunt,
411 585 448 638 ut
476 574 620 659 profecto
649 565 772 656 aliquid
802 575 869 637 veri
897 575 1003 637 inesse
1034 576 1180 639 videatur·
1200 576 1235 638 in
1258 599 1309 652 ec,

184 682 271 766 quod
291 685 387 746 modo
410 684 609 758 monuimus,
634 681 741 766 longis
764 682 964 745 vestimentis
987 683 1040 746 dei
1062 705 1192 747 cursum
1206 685 1311 767 impe-

182 800 316 874 tumque
338 792 489 876 impediri
510 791 617 853 visum
639 811 708 853 esse
730 791 930 854 vaseulariis.
970 790 1105 853 Accedit
1126 801 1234 855 tamen
1249 791 1311 855 ali-

185 899 275 981 quid,
300 900 498 981 quodnunc
520 898 636 968 melius
659 909 792 982 apparet
814 920 911 982 quam
933 906 1038 976 antea,
1065 901 1151 981 quod
1173 910 1210 962 ut
1224 910 1311 962 recte
1386 891 1390 897 ⁵

182 1008 432 1092 perspiciamus,
467 1008 508 1070 ad
540 1028 689 1071 vasorum
722 1008 862 1091 picturas
889 1007 989 1070 libera
1018 1029 1119 1070 manu
1147 1006 1311 1071 confectas

183 1115 330 1199 paullum
359 1115 452 1178 nobis
474 1115 711 1178 intendendum
735 1125 800 1191 est,
832 1116 867 1177 in
890 1117 1008 1198 quibus
1030 1116 1223 1199 Neptunum
1244 1115 1311 1178 fere

182 1244 307 1306 semper
338 1204 441 1289 obiter
469 1232 596 1286 tantum
625 1224 779 1287 amictum
808 1223 1037 1306 conspicimus.
1085 1223 1127 1286 Et
1156 1224 1197 1285 ad
1226 1223 1312 1287 hanc

182 1331 312 1413 quidem
345 1328 486 1414 speciem
520 1331 746 1396 elaborandam
776 1329 965 1414 plurumum
994 1331 1132 1394 contulit
1157 1354 1208 1395 ars
1239 1343 1311 1396 sta-

180 1439 300 1513 tuaria,
333 1461 351 1501 e
380 1439 472 1502 cuius
504 1440 681 1503 simulacris
711 1449 822 1524 postea
843 1440 879 1501 in
901 1439 1043 1523 picturas
1065 1461 1216 1503 vasorum
1239 1462 1312 1503 eam

183 1566 252 1608 esse
274 1547 472 1623 translatam,
491 1558 605 1610 notum
628 1558 677 1610 est
700 1548 863 1623 omnibus,
881 1548 937 1630 qui
957 1547 1072 1610 harum
1093 1570 1201 1611 rerum
1214 1549 1312 1632 periti

182 1664 269 1716 sunt.
318 1654 409 1722 Quae
432 1677 506 1718 oum
528 1657 574 1719 ita
597 1646 678 1731 sint,¹
697 1656 733 1718 in
754 1656 951 1736 imaginibus
975 1677 1071 1739 supra
1086 1656 1191 1719 allatis
1206 1658 1312 1740 prima

179 1759 267 1823 illius
301 1764 420 1846 speciei
452 1764 547 1826 initia
575 1764 669 1826 nobis
700 1762 806 1826 oblata
835 1785 905 1825 esse
934 1763 1101 1842 existimo,
1139 1786 1221 1847 quae
1244 1787 1309 1848 quo

179 1877 323 1952 tempore
346 1871 411 1933 sint
432 1870 529 1948 facta,
555 1873 582 1934 si
606 1868 775 1934 enucleare
797 1869 958 1947 volumus,
983 1893 1049 1934 una
1063 1881 1191 1934 tantum
1206 1850 1311 1956 figura
1372 1850 1382 1863 ⁸

179 1977 271 2060 nigro
300 1977 406 2041 colore
434 1980 562 2063 expleta
591 1978 653 2064 (V.)
682 1980 776 2042 nobis
806 1979 928 2042 auxilio
957 1981 1065 2063 est73).
1112 1980 1204 2047 Quae
1234 2001 1310 2044 cum

180 2083 426 2168 diligentissime
449 2097 481 2149 et
503 2088 608 2171 prisca
630 2096 696 2150 arte
720 2087 852 2148 omnino
875 2087 973 2170 digne
996 2086 1143 2150 confecta
1165 2088 1224 2164 sit,
1257 2111 1311 2161 se-‚

181 2192 301 2274 quitur,
325 2194 409 2258 hanc
432 2195 581 2279 Neptuni
603 2194 739 2258 somnam
762 2204 794 2257 et
815 2174 952 2276 liguram
974 2217 994 2257 a
1015 2195 1192 2277 pictoribus
1216 2219 1312 2261 vasa—

179 2301 234 2363 riis
263 2324 301 2365 ea
329 2311 433 2365 aetate
461 2310 634 2388 receptam
655 2324 743 2379 esse,
776 2323 840 2384 qua
861 2303 927 2365 iam
948 2303 1053 2365 rubris
1076 2303 1187 2387 figuris
1211 2327 1311 2368 urnas
1336 2336 1341 2348 ¹

180 2408 327 2473 decorare
349 2410 561 2493 incipiebant.

268 2517 331 2580 Sed
359 2519 455 2580 deum
478 2520 603 2581 nudum
625 2540 662 2580 ac
683 2517 822 2601 graviter
843 2527 1039 2580 commotum
1062 2519 1126 2581 iam
1153 2530 1247 2583 antea
1271 2521 1312 2584 ab

180 2625 358 2687 artificibus
381 2646 570 2708 expressum
593 2648 681 2702 esse,
713 2647 787 2688 cum
816 2624 1072 2710 anaglyphorum
1106 2626 1145 2708 (2.
1170 2630 1212 2712 5.)
1240 2638 1312 2692 tum

181 2753 387 2794 nummorum
409 2715 596 2796 testimonio
619 2733 783 2818 probatur.
831 2734 932 2797 Prisci
954 2733 1054 2818 igitur
1083 2737 1236 2819 temporis
1259 2759 1312 2801 ar-

181 2840 282 2902 tifices
304 2840 391 2902 haud
406 2841 535 2924 ignaros
558 2842 660 2904 fuisse
683 2850 825 2924 apparet,
850 2842 996 2925 Neptuni
1018 2842 1084 2903 vim
1106 2852 1201 2926 atque
1224 2856 1312 2909 atro-

181 2948 310 3010 citatem
332 2969 462 3032 corpore
486 2951 573 3012 nudo
597 2971 633 3011 ac
656 2950 732 3012 forti
754 2949 874 3032 optime
889 2951 1111 3029 demonstrari,
1135 2974 1231 3035 quem
1247 2955 1312 3016 fin-

181 3057 279 3139 gendi
301 3077 422 3119 morem
445 3058 601 3140 posterior
624 3066 711 3120 aetas
734 3078 831 3139 quam
853 3055 1099 3141 diligentissime
1123 3058 1274 3120 excoluit.

267 3367 347 3429 Tres
369 3367 516 3449 Neptuni
532 3368 708 3451 figurarum
731 3368 859 3431 ordines
879 3392 1073 3454 quamquam
1088 3368 1310 3447 distinximus,

182 3484 289 3537 tamen
306 3476 487 3537 accuratius
502 3474 849 3559 inquirentom'fugere
865 3500 931 3540 non
954 3488 1069 3561 potest,
1094 3478 1153 3541 hos
1173 3480 1214 3542 ad
1229 3480 1311 3542 duos

181 3582 331 3663 restringi
353 3604 464 3665 posse,
500 3603 575 3644 cum
599 3586 733 3648 secundi
756 3586 907 3668 tertiique
937 3585 1056 3647 ordinis
1084 3586 1205 3670 figurae
1234 3585 1312 3649 solis

181 3690 324 3752 vestibus
354 3691 497 3753 diversae
530 3691 571 3752 ad
600 3691 687 3754 idem
718 3695 860 3756 redeant.
916 3694 999 3756 Sunt
1027 3703 1135 3756 autem
1164 3693 1312 3776 Neptuni

182 3808 238 3858 aut
260 3797 377 3880 placidi
399 3808 455 3860 aut
476 3799 616 3882 graviter
638 3801 790 3863 commoti
812 3800 981 3884 imagines.
1028 3801 1154 3865 Dixerit
1176 3802 1312 3864 fortasse

186 3977 387 3984 --—..——

252 4079 293 4142 73)
314 4077 389 4131 Nihil
408 4078 480 4130 enim
499 4079 615 4138 traditur
634 4078 668 4132 de
687 4086 742 4132 arte
761 4077 925 4134 ineditarum
944 4079 1092 4151 imaginum
1114 4081 1309 4148 (*V.—*BB.),

182 4181 295 4233 quarum
314 4163 441 4234 plurimas
460 4164 641 4218 delineatione
660 4166 695 4218 ad
712 4166 833 4235 picturae
854 4166 897 4219 00
911 4167 1115 4221 similitudinem
1135 4168 1312 4237 neglegenter

182 4250 254 4303 lacta
272 4250 403 4317 originem
424 4251 555 4304 seriorem
573 4253 687 4321 prodere
705 4253 835 4320 suspicor.
