2986 4912
722 299 764 356 n
846 320 850 327 .

178 488 336 549 nusquam
359 469 439 530 deus
460 467 609 528 tridentis
632 466 782 528 sollemni
803 467 956 528 attributo
978 466 1098 528 omisso
1118 487 1309 548 repracsen-

178 588 263 637 tatus
279 576 329 637 sit.
360 576 456 642 Quod
478 575 647 657 perspicue
662 574 756 636 docet
777 575 902 658 pictura
909 576 962 657 ⁹²1,
979 575 1016 636 in
1029 597 1093 656 qua
1108 575 1240 637 nomine
1254 574 1309 648 in-

178 684 295 767 scripto
316 683 477 745 indicatus
499 703 574 744 cum
597 682 722 745 Venere
744 681 899 764 quadriga
921 682 1042 744 vehens
1064 682 1271 764 conspicitur.

263 791 361 854 Extat
388 801 513 872 praeter
540 789 617 866 has,
649 812 732 871 quae
759 790 824 852 hue
854 790 1026 867 referatur,
1055 790 1161 872 imago
1195 790 1255 873 (3.)
1290 813 1311 852 a

179 910 354 961 ceterarum
377 897 589 961 similitudine
604 898 731 960 Baccho
753 919 811 981 pro
832 899 957 960 Latona
978 898 1065 980 picto
1086 897 1233 981 paullum
1255 918 1310 960 re-

179 1007 315 1082 cedens,
344 1006 380 1066 in
409 1028 474 1087 qua
494 1007 669 1089 Neptunus
698 1016 823 1088 sceptro
853 1006 1026 1069 distinctus
1054 1006 1166 1068 adesse
1193 1005 1308 1069 fertur.

179 1114 275 1180 Quod
299 1136 363 1195 quo
390 1114 459 1176 iure
482 1115 512 1176 ei
535 1114 722 1190 conveniat,
755 1135 864 1175 vereor
884 1136 927 1176 ne
956 1115 992 1176 in
1013 1135 1118 1196 nugas
1139 1115 1309 1191 abeamuS,

178 1221 205 1283 si
239 1221 407 1283 enucleare
436 1222 594 1284 volumus.
642 1221 784 1284 Multum
817 1222 905 1284 euim
936 1222 1148 1284 dubitationis
1182 1219 1312 1305 seinper

180 1329 380 1410 reliquerunt
401 1330 561 1413 exempla,
586 1352 668 1412 quae
690 1330 731 1391 ad
752 1330 815 1391 hoc
836 1330 1038 1413 probandum
1053 1330 1233 1394 attidenmt
1247 1330 1312 1393 viri

181 1436 327 1513 doctiflil.
375 1439 483 1503 Quare
505 1438 585 1500 mihi
608 1437 738 1520 quidem
756 1437 850 1500 valde
870 1438 906 1499 in
928 1439 1028 1500 dubio
1050 1449 1205 1514 versatur,
1229 1461 1312 1513 num

181 1545 214 1606 in
244 1543 300 1605 illa
328 1544 453 1627 pictura
481 1546 656 1628 Neptunus
689 1546 774 1624 (nam
803 1545 883 1626 quin
912 1546 940 1608 is
968 1557 1227 1629 repraesentatus
1253 1547 1310 1622 sit,

179 1652 315 1713 dubium
338 1674 407 1714 esse
430 1675 496 1714 non
519 1652 652 1735 videtur)
688 1664 813 1734 sceptro
842 1676 902 1716 nec
930 1676 1005 1717 vero
1035 1655 1142 1736 potius
1170 1654 1312 1719 tridente

179 1771 360 1841 tempomm
383 1759 504 1821 invidia
527 1760 687 1822 destmcto
709 1760 873 1842 praeditus
895 1761 1004 1823 fuerit.

263 1866 362 1929 Extat
375 1867 492 1929 deinde
508 1867 642 1929 alterum
658 1889 762 1949 genus
777 1868 955 1951 imaginum
970 1869 1156 1951 saepissime
1164 1871 1312 1933 redeun-
1338 1904 1345 1955 '.
1369 1920 1374 1935 .

180 1976 273 2051 tium,
298 1997 379 2057 quae
402 1975 539 2037 iovem
563 1975 790 2038 Minervam
813 1977 1118 2058 parturientem
1135 1979 1313 2042 ostendunt

178 2104 283 2144 coram
299 2082 431 2144 deorum
447 2093 617 2145 conventu.
645 2084 792 2148 Quorum
802 2084 836 2145 in
853 2106 987 2161 numero
1002 2085 1193 2167 Neptunum
1204 2085 1315 2148 inesse

180 2190 292 2265 solere,
317 2190 434 2252 docent
455 2191 600 2273 picturae
623 2212 719 2272 supra
740 2190 855 2253 allatae
883 2192 936 2270 (F.
950 2193 1062 2268 -K.;
1088 2194 1157 2254 Ἢ.
1182 2191 1307 2276 *1.1941.

181 2299 304 2359 Tamen
333 2297 359 2359 si
388 2297 505 2359 talibus
536 2298 570 2359 in
600 2298 733 2380 picturis
762 2298 811 2360 vir
840 2300 1001 2362 attributis
1028 2322 1097 2362 non
1124 2300 1308 2378 distinctus,

181 2405 327 2487 Neptuni
351 2404 417 2466 fere
439 2405 587 2466 habitum
608 2427 684 2487 prae
707 2427 740 2467 se
763 2406 869 2468 ferens
891 2407 1047 2490 reperitur
1074 2407 1151 2488 (4.1,
1175 2407 1230 2468 vix
1252 2430 1311 2491 pro
1364 2397 1371 2407 ⁸

182 2522 266 2575 certo
289 2512 512 2593 agnoscendus
541 2535 610 2575 esse
636 2512 781 2589 videtur,
812 2535 885 2575 cum
914 2514 1074 2576 Mercurio
1096 2514 1310 2598 Vulcanoque

181 2621 304 2703 primus
333 2620 423 2681 locus
452 2619 487 2681 in
516 2619 614 2681 huius
644 2621 771 2701 generis
800 2621 996 2702 imaginibus
1019 2622 1233 2684 vindicandus
1256 2623 1306 2686 sit.

182 2728 247 2793 Qui
270 2728 297 2790 si
319 2727 382 2788 iam
406 2728 534 2801 adsunt,
559 2738 629 2793 tum
656 2729 786 2790 demum
809 2729 848 2790 ad
871 2729 1061 2812 Neptunum
1075 2732 1311 2815 recurrendum

182 2846 249 2910 est,
280 2857 376 2917 quern
405 2836 544 2897 tridente
572 2835 689 2897 omisso
718 2858 945 2919 nonnusquam
972 2836 1105 2918 pictum
1123 2859 1192 2899 esse
1214 2839 1312 2901 modo

182 2944 362 3006 statuimus.

270 3051 369 3113 Secus
392 3050 589 3112 censendum
605 3048 731 3112 videtur
746 3050 785 3111 de
803 3050 928 3133 pictura
943 3051 1062 3114 Bacchi
1076 3062 1203 3135 partum
1219 3075 1314 3137 prae-

185 3161 281 3222 bente
310 3159 405 3240 (22).
454 3157 494 3218 In
516 3180 579 3239 qua
602 3179 665 3239 quo
688 3160 817 3220 tandem
839 3159 910 3223 iure
932 3160 1087 3242 Neptuno
1109 3160 1216 3222 locum
1239 3161 1313 3225 vin-

182 3266 359 3329 dicaverint
388 3266 427 3326 de
450 3265 585 3327 Wittius
614 3275 646 3327 et
675 3275 785 3328 auctor
813 3267 949 3349 catalogi
978 3267 1214 3345 LondinensiS,
1244 3293 1312 3333 non

251 3474 293 3535 92)
315 3471 348 3524 el.
369 3471 421 3525 cir.
442 3470 494 3523 III.
517 3472 562 3534 15;
582 3471 717 3535 Panolka‚
738 3472 845 3540 eigenn.
866 3472 916 3525 mit
932 3471 1011 3530 καλός
1029 3471 1078 3524 taf.
1098 3473 1136 3525 Π.
1159 3475 1181 3524 1.
1258 3511 1278 3521 ,

252 3560 294 3620 113)
316 3556 470 3624 Millingen,
490 3556 573 3626 peint.
594 3557 667 3610 intd.
689 3558 711 3609 l.
731 3575 757 3628 p.
778 3561 810 3610 24
831 3565 869 3610 nt.
891 3561 918 3622 53
945 3557 1100 3627 Boettiger,
1121 3558 1255 3614 amalthea
1272 3561 1310 3615 11.

184 3663 229 3715 pp.
242 3647 301 3696 292.
312 3646 371 3695 2117.
383 3651 439 3696 not.
451 3666 457 3708 ;
473 3642 606 3706 Gerhard‚
617 3661 641 3697 a.
656 3661 680 3696 v.
696 3645 718 3696 Ι.
731 3645 835 3698 nachtr.
848 3661 874 3713 p.
886 3646 949 3708 206;
964 3643 1074 3709 Preller‚
1088 3645 1174 3715 Pauly
1187 3646 1311 3702 R.-Enc.

181 3732 213 3783 V.
237 3733 259 3782 l.
280 3748 306 3800 p.
328 3732 386 3782 564.

251 3820 292 3880 91)
314 3816 422 3870 Addere
449 3834 592 3887 possumus
618 3824 674 3872 tres
701 3817 820 3887 picturas
851 3821 961 3885 propter
988 3816 1196 3885 descriptionem
1223 3819 1313 3874 obiter
1373 3804 1378 3815 ’

184 3903 282 3956 saetam
301 3911 382 3956 antea
400 3922 455 3956 non
473 3912 704 3970 commemoratas,
724 3920 792 3972 quas
810 3901 940 3954 exhibent
957 3920 981 3954 a.
997 3903 1228 3972 amphoralFould
1239 3923 1313 3962 nune

183 3988 292 4043 Parisiis
311 3999 414 4053 extans,
435 3991 469 4043 cl.
491 3990 555 4044 bull.
580 3992 642 4042 1861
663 4007 689 4059 p.
710 3992 769 4040 214.
801 3989 828 4041 b.
849 3989 978 4058 amphora
994 3989 1102 4043 Fossati
1120 4009 1144 4044 a.
1165 4010 1189 4044 v.
1210 3993 1233 4044 1.
1254 3999 1312 4064 p.5

187 4081 226 4126 nt.
247 4078 300 4143 lg.
327 4094 351 4128 c.
367 4077 496 4147 amphora
513 4076 658 4130 Castellani
676 4075 708 4128 cf.
730 4074 801 4129 arch.
817 4093 875 4128 ana.
894 4077 958 4127 1866
971 4092 998 4144 p.
1014 4075 1090 4127 273*.
1116 4077 1242 4148 Denique
1260 4080 1314 4134 huc

185 4170 296 4230 spectat,
309 4180 472 4232 quamquam
484 4164 536 4216 arti
548 4162 692 4217 recentiori
706 4159 874 4226 ascribenda,
887 4161 1013 4231 amphora
1026 4181 1093 4215 mus.
1108 4163 1171 4216 brit.
1181 4175 1213 4216 n0
1227 4167 1310 4231 741*;

183 4247 226 4300 ed.
242 4267 266 4301 a.
281 4267 305 4303 v.
322 4249 342 4300 l.
359 4253 388 4314 3;
409 4249 443 4302 el.
464 4249 516 4302 cer.
538 4249 559 4301 1.
580 4252 622 4301 61.
643 4252 689 4312 65;
710 4249 928 4312 Forchhammer‚
948 4249 1011 4316 geb.
1032 4249 1059 4301 d.
1079 4249 1134 4301 ath.
