2986 4912
457 334 464 367 r
657 307 698 369 19

108 472 215 538 literas
244 473 286 537 D.
317 474 359 541 0.
391 474 430 538 T.
463 477 503 540 V.
536 474 613 540 GG.
649 477 871 555 attribuimus,
908 479 943 541 in
978 479 1094 562 quibus
1128 501 1238 544 comae

108 583 194 645 circa
214 584 356 646 trentam
378 594 582 668 assurgentes
605 584 701 649 lineis
723 585 811 648 intus
837 586 953 670 sparsis
975 586 1086 671 paullo
1108 608 1238 652 accura-

107 691 174 753 tius
197 692 404 763 adumbratae
427 702 514 755 suut.

193 798 285 861 Alter
306 798 454 883 Neptuni
476 799 666 883 capillorum
687 801 834 864 brevium
856 799 988 865 habitus
1012 802 1115 866 multo
1136 804 1238 868 rarius

109 907 248 970 occurrit
276 905 324 988 (E.
358 905 401 970 G.
431 908 473 970 R.
505 907 576 970 ΛΑ.
608 909 675 969 ΒΒ.
708 908 811 993 ΒΒ.).
859 909 1011 987 Accedit,
1044 911 1130 993 quod
1161 910 1239 974 huic

109 1035 245 1077 numero
274 1015 489 1099 ascripsimus·
508 1015 667 1100 picturas,
700 1038 782 1099 quae
812 1025 868 1079 aut
890 1015 1105 1082 delineatione
1127 1018 1239 1100 negle-

107 1122 298 1207 gentissime
325 1121 390 1207 (G.)
418 1133 474 1186 aut
495 1133 597 1187 taetro
618 1124 734 1187 habitu
756 1145 854 1208 supra
876 1146 988 1188 verum
1010 1134 1104 1189 aucto
1125 1124 1238 1211 (ΒΒ.),

109 1251 207 1315 quem
228 1230 334 1314 prisca
356 1252 405 1295 ars
428 1253 553 1316 semper
567 1242 736 1315 aspernata
751 1242 810 1309 est,
835 1233 1020 1296 recentioris
1037 1235 1148 1298 aetatis
1164 1235 1238 1298 imi·

109 1339 265 1402 tationem
295 1339 411 1402 diserte
441 1341 593 1422 produnt.
641 1340 757 1423 Aque
780 1340 892 1403 habitu
915 1341 1104 1405 cincinnum
1126 1342 1239 1426 singu·

109 1445 211 1509 larem
239 1446 349 1524 illum,
381 1448 421 1510 de
451 1469 516 1531 quo
547 1469 644 1531 supra
671 1447 833 1523 diximus,
865 1448 961 1532 plane
984 1449 1145 1526 alienum,
1170 1471 1237 1513 non

107 1554 252 1617 alienum
281 1576 349 1618 esse
378 1555 531 1638 capillum
559 1577 655 1639 supra
677 1554 816 1618 frontem
838 1567 1059 1640 assurgentem
1086 1557 1163 1642 (Ε),
1187 1557 1238 1621 his

108 1661 265 1746 exemplis
287 1663 363 1726 satis
384 1662 548 1746 probatur.

195 1770 292 1837 Quod
319 1792 394 1833 vero
423 1771 464 1833 ad
486 1770 609 1834 crinem
630 1770 739 1834 fasciis
762 1771 953 1856 coronisque
976 1774 1161 1837 decoratum
1184 1784 1237 1836 at-

106 1877 208 1953 tinet,
240 1879 352 1960 negari
373 1900 441 1940 non
463 1888 587 1962 potest,
621 1879 749 1962 saepius
773 1900 870 1962 quam
892 1879 927 1942 in
950 1901 1098 1943 vasorum
1120 1902 1238 1964 genere

107 1995 221 2069 postea
242 1984 401 2049 factorum
422 1987 556 2069 reperiri
578 1986 730 2070 picturas,
755 1987 790 2049 in
813 1987 931 2069 quibus
953 1987 1006 2050 dei
1028 1999 1126 2072 caput
1148 1988 1237 2050 omni

111 2080 222 2156 decore
251 2093 348 2176 plane
377 2103 482 2156 careat
516 2093 564 2176 (A.
595 2095 634 2156 B.
661 2094 701 2156 Ι).
727 2093 766 2156 Ε.
792 2094 830 2156 Ε.
856 2094 900 2158 G.
925 2095 971 2157 H.
996 2096 1041 2158 K.
1067 2096 1105 2158 L.
1130 2096 1174 2158 N.
1200 2096 1233 2158 S.

63 2238 68 2251 ·
111 2200 148 2262 T.
174 2201 216 2264 V.
249 2202 287 2263 Z.
320 2201 394 2264 DD.
425 2202 490 2264 FF.
522 2200 628 2286 GG.).
675 2201 703 2262 Ε
731 2223 866 2284 quanrm
894 2202 1073 2286 imaginum
1101 2223 1237 2265 numero

109 2308 287 2371 accuratius
317 2309 516 2392 inquirentes
545 2308 725 2372 nonnullas¹
749 2320 805 2373 aut
827 2330 927 2372 manu
949 2310 1135 2394 neglegenti
1157 2330 1236 2372 eon-

108 2414 209 2480 secus
237 2415 289 2498 (G.
314 2417 361 2478 H.
386 2416 430 2479 K.
455 2416 511 2500 Ν.)
539 2427 596 2479 aut
617 2416 742 2501 ingenii
772 2439 791 2479 a
813 2415 946 2480 Graecis
976 2416 1073 2480 alieni
1101 2417 1237 2501 vestigia

106 2545 184 2610 prae
213 2545 247 2587 se
269 2523 406 2588 ferentes
434 2523 476 2605 (S.
503 2524 554 2607 Τ.)
583 2523 678 2588 facile
700 2525 882 2609 seiungeut.
930 2525 1057 2592 Quibus
1079 2525 1234 2588 seiunctis

105 2632 288 2716 apparebit,
320 2632 407 2695 haud
434 2632 537 2695 rarius
559 2633 612 2696 dei
634 2642 731 2715 caput
752 2631 851 2695 fascia
860 2634 895 2716 58)
923 2653 991 2695 esse
1014 2633 1157 2695 cinctum
1185 2631 1232 2714 (C.

106 2738 155 2802 M.
180 2740 218 2802 P.
243 2741 285 2802 R.
311 2740 364 2803 W.
390 2741 435 2802 X.
460 2740 501 2807 Q.
520 2740 611 2815 AA.;
635 2739 700 2800 *D.
719 2737 788 2802 *G.
806 2740 868 2802 *Ε
886 2741 976 2823 *Ε.).
1017 2740 1145 2803 Corona
1160 2761 1236 2804 vero

107 2847 216 2911 nescio
246 2869 304 2910 cur
330 2847 391 2910 boc
419 2849 454 2910 in
483 2869 633 2911 vasorum
661 2868 779 2930 genere
807 2848 966 2910 rarissime
988 2848 1155 2910 decoretur
1182 2846 1232 2928 (Ο.

110 2954 176 3015 BB.
201 2954 269 3017 ΕΕ.
281 2979 290 3031 ;
314 2955 384 3018 *K
409 2955 490 3040 *N.)
506 2957 558 3039 ⁵⁹).
604 2954 802 3018 Diadematis
829 2955 968 3038 denique
990 2953 1161 3018 denticulis
1183 2954 1234 3016 di-

109 3061 217 3125 stincti
240 3073 389 3126 ornatum
411 3064 543 3126 omuino
567 3062 764 3146 singularem
780 3083 846 3124 una
861 3062 993 3145 praebet
1007 3062 1133 3145 pictura
1154 3061 1232 3142 (Ul,

106 3190 188 3252 quae
213 3169 350 3234 fortasse
377 3181 508 3255 propter
530 3170 779 3235 delineationem
800 3170 934 3233 minime
956 3190 1098 3232 severam
1120 3169 1161 3231 ad
1182 3189 1233 3230 re-

104 3278 249 3341 centiora
270 3287 416 3362 tempora
437 3279 610 3364 releganda
632 3288 691 3342 est.

190 3385 243 3447 Ad
264 3407 413 3449 vasorum
433 3386 575 3468 picturas
597 3386 733 3448 rubris
756 3385 911 3469 figuris
935 3384 1127 3468 compositas
1143 3392 1231 3477 trans

103 3490 278 3555 scuutibus
305 3493 399 3556 nobis
428 3493 536 3556 statim
564 3494 599 3556 in
626 3493 737 3556 oculos
766 3493 901 3555 incurrit
922 3492 1152 3576 promissorum
1170 3490 1234 3553 cri-

102 3598 199 3662 nium
212 3599 343 3664 habitus
357 3601 455 3684 plane
469 3601 623 3664 diversus.
656 3600 852 3664 Dissolvitur
874 3599 960 3662 onim
982 3600 1062 3662 uber
1083 3608 1116 3661 et
1129 3598 1233 3661 indis-

101 3707 212 3791 posita
234 3707 343 3791 capilli
365 3709 476 3793 copia,
507 3731 571 3792 qua
593 3717 688 3770 antea
716 3708 769 3771 dei
791 3717 888 3790 caput
910 3716 1058 3789 opertum
1079 3705 1230 3782 vidimus,

102 3813 252 3899 singulos
273 3816 308 3878 in
331 3817 499 3880 cincinnos
522 3815 676 3899 prolixos,
701 3816 758 3898 qui
779 3824 906 3877 tautum
928 3815 1020 3877 abest
1034 3824 1071 3876 ut
1085 3813 1232 3876 liberiore

173 4092 215 4156 58)
236 4090 298 4149 Qua
315 4090 397 4144 semel
418 4088 471 4157 (Y.)
492 4090 557 4143 lolia
575 4096 604 4142 et
620 4090 688 4142 rami
706 4088 889 4142 continentur.

172 4179 215 4241 59)
235 4176 268 4229 In
285 4177 391 4246 pictura
408 4176 492 4229 literis
505 4175 555 4229 ΕΕ
569 4176 674 4242 signata
692 4192 757 4227 num
775 4174 843 4226 deus
860 4190 959 4227 corona
978 4189 1013 4225 an
1026 4172 1108 4225 lasela
1120 4179 1231 4224 ornatus

99 4261 147 4325 sit,
166 4279 224 4315 non
241 4279 289 4331 pro
308 4273 384 4317 certo
402 4263 524 4315 babetur.
545 4262 580 4313 cs.
601 4260 682 4313 trscb.
703 4278 728 4329 p.
751 4266 766 4313 t
786 4270 826 4313 nt.
847 4265 872 4313 o.

991 4362 1030 4413 2*
