2986 4912
727 287 767 351 20

134 511 145 518 ,
181 457 452 524 lineamentorum
474 459 575 522 ductu
595 460 757 543 insignem
779 461 856 523 artis
878 480 1084 542 progressum
1099 459 1246 544 prodant,
1272 469 1309 523 ut

181 590 308 631 summo
329 569 434 651 rigore
457 569 497 630 ad
518 568 671 630 amussim
693 589 795 650 paene
817 567 897 650 picti
919 568 954 630 in
977 589 1104 630 umeros
1119 575 1308 652 tergumque

181 676 331 738 decidant
359 674 396 757 (c.
422 676 454 737 d.
480 697 508 738 e.
534 675 558 736 f.
582 697 615 758 g.
640 675 663 736 i.
688 698 720 737 x.
746 697 794 738 aa.
820 696 890 752 cc.;
914 676 997 760 *ek
1116 681 1118 684 ’

255 784 374 847 ‘Primo
399 783 516 845 deinde
539 793 672 866 apparet
695 783 863 845 oculorum
885 784 1021 860 obtutu,
1053 784 1232 847 breviorem
1254 805 1308 846 ca-

179 891 296 976 pillum
317 889 420 952 multo
444 891 570 974 saepius
594 912 690 972 quam
713 900 819 966 antea,
844 892 924 973 quin
947 892 1043 954 etiam
1065 891 1190 974 prolixo
1205 913 1308 974 paene

180 1001 322 1063 crebrius
352 1018 534 1075 occurrere,
565 999 601 1060 in
629 1020 702 1080 quo
721 997 835 1061 habitu
866 1000 968 1062 crines
990 1000 1025 1061 in
1047 999 1187 1074 nodum,
1213 1020 1309 1080 quem

180 1107 384 1190 conciumffl)
405 1116 584 1189 ,sequentes
607 1105 775 1188 crobylum
790 1107 939 1184 dicimus,
964 1106 1107 1190 colligati
1122 1106 1172 1169 his
1188 1105 1224 1167 in
1239 1105 1309 1188 pic-

178 1216 258 1278 turis
287 1215 428 1298 primum
457 1214 546 1277 haud
574 1235 645 1276 raro
674 1213 715 1295 (b.
746 1214 780 1276 k.
811 1213 834 1275 l.
864 1224 888 1276 t.
919 1237 947 1276 z.
961 1240 970 1291 ;
991 1215 1008 1247 *
1015 1217 1052 1298 r.)
1091 1214 1306 1297 reperiuntur.
1393 1260 1396 1265 -

179 1325 271 1390 Quae
293 1321 436 1404 reliquae
458 1332 534 1383 sunt
555 1322 701 1404 picturae
723 1321 788 1384 huc
810 1320 995 1384 referendae
1024 1321 1061 1403 (a.
1086 1321 1120 1383 h.
1145 1343 1188 1383 m.
1214 1343 1249 1383 n.
1276 1343 1306 1384 o.

178 1454 205 1493 r.
231 1453 257 1493 s.
283 1452 323 1512 q.
340 1451 373 1490 u.
399 1452 430 1492 v.
455 1451 496 1491 w.
521 1430 582 1512 y.),
608 1451 733 1493 comam
755 1439 812 1492 aut
826 1429 902 1492 satis
918 1429 1106 1512 simpliciter
1121 1428 1309 1510 dispositam

187 1537 229 1620 (n.
255 1558 284 1615 o.
310 1559 336 1598 r.
363 1559 389 1598 s.
415 1559 446 1619 q.
472 1559 505 1598 u.
531 1560 561 1599 v.
587 1538 639 1621 w..)
668 1547 725 1599 aut
746 1537 898 1599 cincinno
920 1537 1064 1600 breviore
1086 1537 1126 1599 ab
1142 1557 1310 1618 aurepro-

181 1644 283 1728 lapso,
309 1645 365 1726 qui
387 1637 486 1708 semel
514 1643 569 1728 (a.)
599 1666 673 1706 cum
696 1645 817 1726 crobyli
840 1645 953 1708 habitu
976 1644 1194 1725 coniungitur,
1213 1665 1309 1706 orna-

79 1754 81 1763 '
180 1764 246 1815 tam
274 1751 312 1833 (a.
337 1753 442 1847 m3y.)
471 1760 527 1814 eut
548 1752 753 1815 brevissimos
775 1752 809 1814 in
833 1753 931 1815 cirros
951 1752 1099 1816 diffirsam
1120 1753 1179 1835 (h.)
1200 1761 1308 1814 osten-

180 1861 273 1922 dunt.

107 1966 109 1970 ’
266 1967 390 2049 Capitis
420 1967 561 2048 deniqne
583 1989 702 2036 corona
724 1946 898 2031 decorandi
918 1988 1040 2030 morem
1062 1968 1097 2029 in
1120 1965 1310 2048 antiquissi-

179 2075 240 2137 mis
271 2075 354 2138 vasis
382 2075 542 2137 rarissime
565 2085 727 2158 repertum
749 2077 784 2138 in
805 2075 867 2142 hoc
888 2098 1006 2161 genere
1029 2075 1255 2138 crebem'mum
1277 2084 1311 2136 et

180 2181 245 2244 fere
269 2181 458 2245 sollemnem
480 2205 569 2258 esse,
593 2183 688 2246 facile
709 2182 909 2266 intellegitur
932 2183 1086 2266 exemplis
1108 2183 1143 2244 in
1165 2181 1310 2244 medium

180 2289 313 2373 prolatis
334 2289 375 2372 (b.
401 2292 433 2352 d.
459 2291 483 2352 f.
508 2291 531 2352 i.
555 2291 590 2354 k.
616 2312 648 2373 p.
675 2313 705 2373 q.
731 2312 764 2352 x.
789 2313 830 2353 w.
854 2313 886 2374 y.
912 2313 982 2366 cc.;
1006 2291 1064 2352 *b.
1089 2289 1138 2351 *f.
1163 2290 1211 2352 *i.
1230 2288 1306 2373 *l.).

182 2397 331 2459 Totidem
360 2407 477 2461 autem'
497 2397 644 2482 exempla
674 2398 778 2460 afferri
808 2409 961 2482 possunt,
993 2399 1110 2481 quibus
1139 2397 1190 2460 dei
1213 2407 1311 2479 caput
1390 2445 1393 2448 ⁴

180 2503 323 2588 fasciam)
359 2506 502 2569 cinctum
531 2505 568 2587 (a.
600 2505 634 2567 h.
658 2505 681 2567 l.
707 2528 751 2568 m.
776 2529 802 2567 r.
827 2516 851 2568 t.
878 2528 910 2568 u.
936 2528 967 2570 v.
993 2529 1043 2588 223
1074 2506 1133 2569 *k
1157 2506 1215 2565 *n.
1241 2505 1304 2594 *s.)

181 2613 371 2687 ostenditur.
419 2614 492 2681 Qua
520 2615 555 2676 in
578 2636 611 2676 re
634 2614 868 2677 animadvertas
891 2614 1007 2690 velim,
1038 2605 1227 2697 plerumque
1250 2634 1310 2676 ca-

180 2719 275 2801 pillos
304 2719 416 2804 longos
447 2744 564 2784 corona
596 2720 637 2802 (d.
670 2721 694 2782 f.
727 2722 749 2783 i.
775 2742 807 2782 x.
833 2723 910 2806 cc),
940 2721 1040 2784 fascia
1068 2723 1181 2786 breves
1210 2720 1247 2802 (a.
1273 2721 1307 2783 h.

180 2826 203 2898 1.
228 2849 272 2889 m.
298 2850 323 2889 r.
348 2839 372 2891 t.
398 2853 431 2893 u.
456 2852 487 2892 v.
512 2832 552 2913 n.)
580 2850 646 2890 non
669 2828 738 2891 sine
760 2830 907 2906 consilio,
932 2839 969 2892 ut
983 2840 1128 2912 apparet,
1152 2829 1307 2892 decorari.

180 2935 288 2998 Pauca
316 2936 404 2998 enim
431 2937 508 3000 huic
536 2935 618 3000 mori
645 2948 828 3020 repugnant
856 2937 1020 3020 exempla,
1052 2959 1133 3020 quae
1156 2958 1309 3001 coronam

180 3043 320 3107 breviori
349 3067 458 3108 comae
486 3044 670 3128 impositam
703 3044 743 3126 (q.
774 3067 815 3107 w.
847 3048 889 3128 y.)
924 3046 1104 3108 ostendant.
1152 3045 1311 3128 Crobylus

181 3162 289 3215 autem
322 3153 350 3215 si
378 3174 514 3214 coronae
543 3174 604 3234 ope
632 3152 672 3233 (b.
698 3153 744 3237 k.)
774 3154 968 3228 sustinetur,
1005 3154 1045 3217 ad
1073 3164 1214 3216 nostram
1242 3175 1313 3216 rem

180 3259 287 3322 minus
310 3271 454 3344 spectare
476 3261 614 3322 videtur.

265 3368 423 3449 Reliquae
446 3376 522 3428 sunt
544 3367 721 3451 imagines,
754 3389 836 3449 quae
859 3390 908 3431 res
930 3370 970 3431 ab
992 3368 1053 3431 hoc
1082 3389 1230 3433 vasorum
1252 3389 1311 3451 ge-

181 3496 258 3537 nere
281 3476 358 3538 satis
381 3474 501 3538 alienas
524 3475 691 3557 praebent,
710 3477 831 3560 quippe
847 3498 928 3558 quae
950 3477 1002 3539 dei
1025 3488 1121 3558 caput
1143 3485 1198 3538 aut
1221 3476 1310 3538 omni

181 3581 294 3644 decore
333 3583 446 3644 orbum
488 3582 524 3663 (c.
553 3605 583 3644 0.
609 3604 634 3645 s.
667 3586 726 3668 aa.)
743 3586 778 3666 ⁶2)
823 3596 879 3645 aut
921 3583 1100 3647 diademate
1136 3583 1310 3646 denticulis

351 3728 388 3736 -—

249 3806 291 3867 60)
312 3821 394 3857 nuov.
407 3821 485 3856 mern.
501 3803 563 3857 dell’
581 3804 644 3858 inst.
661 3824 687 3875 p.
703 3807 752 3856 408
765 3823 835 3874 sqq,
856 3805 899 3858 cui
912 3805 1124 3860 Friederichsius
1141 3806 1310 3859 »bausteine«

181 3906 207 3958 p.
229 3892 261 3940 24
280 3897 336 3942 not.
358 3889 461 3960 aliquid
478 3889 613 3961 opposuit.

251 3977 293 4039 61)
313 3975 462 4028 Paucarum
480 3976 646 4044 picturarum
668 3983 702 4045 (g.
725 3995 751 4029 n.
768 3976 821 4040 *dl
843 3977 937 4046 capitis
956 3985 1066 4032 ornatus
1079 3979 1178 4031 fasciae
1195 3979 1309 4046 gemmis

182 4058 325 4113 distinctae
344 4061 492 4114 simillimus
511 4070 560 4116 est.

249 4149 290 4212 6‘2)
311 4147 438 4211 Accedit,
460 4148 534 4217 quod
557 4151 698 4204 vasculum
720 4148 853 4218 picturam
877 4169 889 4204 s
913 4151 1046 4219 praebens
1069 4151 1122 4204 huc
1147 4168 1201 4204 non
1224 4151 1308 4220 perti·

182 4249 245 4286 nere
267 4241 407 4301 putamus,
433 4252 494 4286 cum
517 4241 545 4287 et
569 4235 604 4286 ob
630 4252 754 4298 causam,
781 4253 862 4304 quam
887 4237 960 4291 inira
982 4237 1138 4302 afferemus,
1166 4238 1310 4292 recentiori

1114 4490 1120 4517 l
