2986 4912
651 300 692 362 23

107 495 188 556 quae
201 474 319 537 omnia
348 475 388 537 ad
417 495 520 536 unum
546 473 681 535 barbam
710 493 777 533 non
806 491 956 555 magnam
979 472 1035 535 sed
1061 482 1231 536 cuneatam

108 581 293 645 ostendunt.
352 582 448 648 Quod
487 581 528 645 ad
559 601 709 642 nummos
743 578 876 654 attinet,
912 599 1047 661 quorum
1080 579 1231 643 nonnulli

110 684 158 772 (γ’.
178 683 209 752 ι’.
227 712 252 752 ν.
272 714 299 753 o.
315 684 352 752 α’.
371 714 396 752 τ.
414 684 464 772 τ’.)
516 689 708 770 Neptunum
739 686 915 750 imberbem
942 688 1094 769 praebere
1115 687 1230 750 viden-

105 806 174 872 tur,
209 796 271 860 hoc
303 797 485 861 accuratius
519 796 701 860 examinare
729 816 747 858 a
775 803 886 858 nostra
917 816 951 857 re
985 793 1127 858 alienum
1159 817 1229 859 esse

105 913 270 987 putamus.
327 904 523 968 Memorasse
560 902 698 966 sufficiat
709 951 719 980 ,
754 901 939 986 nuperrime
972 923 1104 965 nummo
1136 925 1229 986 prae-

42 1072 47 1083 ,
108 1012 321 1088 stantissimo,
357 1011 413 1095 qui
442 1013 477 1075 in
501 1010 688 1074 collectione
710 1009 1003 1074 Imhoof-Blumer
1032 1018 1135 1074 extat
1154 1009 1226 1094 (e),

104 1121 199 1184 nobis
232 1122 403 1204 probatum
433 1141 520 1196 esse,
552 1119 743 1202 Neptunum
771 1140 847 1182 sane
877 1119 1053 1182 imberbem
1081 1140 1228 1183 nonnus-

103 1249 200 1310 quam
229 1227 264 1308 (ν.
283 1252 310 1290 c.
330 1229 373 1312 ψ.)
402 1247 565 1290 occurrere
586 1227 626 1290 in‘
643 1227 785 1290 nummis
801 1227 985 1290 recentioris
1008 1226 1136 1303 aetatis,
1168 1249 1229 1290 nec

101 1356 178 1399 vero
202 1357 325 1418 semper
353 1333 384 1416 (Ε.
404 1337 468 1417 ω.).
514 1335 565 1398 Ne
594 1344 703 1398 tamen
732 1335 804 1418 quis
833 1334 950 1398 hocin
972 1356 1121 1398 nummos
1143 1335 1228 1398 anti-

102 1443 231 1526 quiores
255 1442 416 1518 adbibeat,
441 1444 497 1506 ubi
519 1465 585 1506 non
608 1443 732 1520 dubito,
755 1443 836 1531 quin
851 1451 960 1506 mento
976 1451 1124 1518 cuneato,
1142 1443 1228 1525 quod

104 1545 292 1635 saepissime
320 1547 369 1631 (α’.
389 1576 420 1614 π.
438 1546 478 1613 π’.
502 1575 527 1635 ρ.
547 1552 586 1633 c.)
615 1551 746 1614 obvium
769 1560 834 1628 est,
856 1552 956 1615 barba
978 1543 1055 1614 satis
1078 1551 1227 1635 designe-

97 1667 171 1734 tur,
204 1679 300 1740 qusm
331 1659 453 1722 invidia
477 1667 656 1742 temporum
685 1658 834 1722 detritam
862 1660 917 1722 vix
947 1659 1096 1744 cognosci
1117 1679 1223 1741 posse,

97 1788 167 1828 non
189 1767 307 1829 mirum
329 1766 437 1850 estssl).
484 1765 636 1829 Ceterum
658 1787 783 1849 semper
804 1776 913 1830 teneas
935 1766 1044 1843 velim,
1072 1766 1227 1831 constitui

96 1871 155 1936 vix
176 1894 290 1956 posse,
315 1894 378 1956 qua
399 1876 462 1938 fide
485 1873 621 1938 editores
643 1894 848 1939 nummorum
863 1883 956 1958 typos
978 1874 1222 1959 publicaverint.

184 2089 251 2152 Iam
275 2111 349 2153 vero
373 2091 401 2152 si
422 2091 463 2153 ad
485 2089 631 2172 Neptuni
653 2090 835 2153 amictum
856 2090 975 2152 intenti
996 2089 1139 2172 picturas
1161 2089 1224 2152 ni-

94 2197 181 2281 gris
203 2196 349 2280 figuris
366 2198 557 2280 compositas
572 2199 679 2260 denuo
694 2197 936 2280 perlustramus,
954 2196 1065 2282 fugere
1083 2220 1142 2261 nos
1157 2219 1224 2262 non

94 2312 221 2388 potest,
247 2326 299 2367 eas
328 2306 439 2386 paucis
462 2305 604 2389 exceptis
633 2306 731 2368 deum
762 2305 868 2389 longis
899 2305 1097 2369 vestimentis
1126 2304 1224 2369 indu-

93 2421 168 2475 tum
209 2412 372 2496 praebere.
437 2412 486 2475 Ac
525 2413 666 2495 primum
706 2413 836 2496 quidem
868 2413 1054 2495 saepissime
1087 2414 1224 2477 occurrit

94 2518 271 2601 Neptunus
293 2519 404 2582 tunica
426 2519 523 2604 longa
552 2541 654 2602 usque
685 2521 726 2583 ad
754 2522 852 2603 pedes
874 2521 1076 2603 dependente
1110 2521 1224 2607 (χιτῶνι

44 2668 47 2675 -
93 2621 228 2712 ποδήρει)
256 2628 391 2690 vestitus
419 2627 467 2708 (C.
485 2629 531 2690 H.
546 2628 590 2690 K.
609 2628 656 2690 M.
674 2629 718 2691 N.
736 2629 773 2690 P.
792 2629 833 2694 Q.
851 2628 892 2691 R.
916 2629 969 2692 W.
993 2621 1038 2691 X.
1059 2628 1128 2693 ΕΕ.
1154 2629 1219 2693 FF.

95 2734 198 2810 GG.;
221 2735 279 2798 *O.
298 2735 358 2797 *N.
376 2736 431 2798 *P.
448 2735 507 2799 *U.
522 2735 643 2818 ⁴⁶00),
675 2757 756 2818 quae
779 2756 904 2819 semper
932 2736 1031 2801 limbo
1059 2737 1111 2800 vel
1133 2737 1224 2827 tenui

102 2842 156 2925 (H.
172 2843 216 2905 Κ.
235 2843 278 2905 N.
297 2842 366 2904 ΕΕ.
390 2842 466 2927 FF.)
502 2842 553 2906 vel
581 2843 693 2906 latiore
727 2844 772 2924 (P.
796 2843 850 2906 W.
876 2843 920 2906 X.
946 2843 1035 2928 GG.)
1070 2843 1222 2909 distincta

98 2971 325 3032 nonnusquam
347 2950 445 3034 virgis
468 2950 632 3034 stellisque
654 2951 729 3035 plus
758 2951 905 3015 minusve
934 2952 1061 3034 depicta
1091 2961 1140 3014 est
1173 2952 1218 3034 [Ο.

97 3056 146 3119 M.
160 3058 201 3120 R.
222 3059 284 3135 Q.;
309 3050 422 3142 ΨΟ).
471 3058 533 3121 Cui
554 3057 689 3141 pallium
717 3053 850 3142 (ἱμάτιον)
879 3059 1065 3142 saepissime
1094 3058 1139 3139 (C.
1172 3060 1238 3122 Η..

94 3164 144 3228 Μ.
155 3165 246 3227 Ν.Ρ.
258 3166 299 3232 Q.
310 3166 350 3228 R.
363 3165 462 3242 GG.;
486 3165 541 3229 *C.
562 3164 612 3227 *N
616 3214 623 3228 .
638 3164 691 3228 *P.
711 3166 769 3230 *U.
788 3167 902 3250 *CC.),
928 3165 1028 3229 rarius
1044 3165 1218 3230 amiculum

93 3272 213 3336 umeris
235 3272 337 3336 obiter
354 3272 509 3336 iniectum
527 3272 579 3354 (Κ.
598 3275 651 3336 W.
669 3273 713 3334 X.
728 3273 822 3357 Fu),
840 3273 1000 3337 rarissime
1015 3296 1089 3337 vero
1104 3274 1220 3357 pallio-

92 3381 163 3443 lum
191 3379 321 3466 (qtpat)
350 3389 475 3464 tergum
497 3389 530 3442 et
550 3380 680 3444 brachia
701 3389 813 3464 tegens
841 3381 929 3465 (Ec.)
957 3381 1048 3458 addi,
1073 3383 1220 3466 exempla

93 3488 212 3551 diserte
235 3490 361 3552 docent.

182 3594 267 3658 Sunt
287 3595 403 3658 deinde
424 3595 587 3678 picturae,
619 3594 653 3657 in
683 3597 802 3677 quibus
832 3596 999 3660 diiudicari
1028 3597 1083 3659 vix
1104 3599 1215 3681 possit,

92 3713 204 3767 utrum
226 3704 337 3766 tunica
358 3703 519 3786 pallioque
541 3725 583 3766 an
606 3703 673 3765 solo
695 3703 793 3786 pallio
815 3705 950 3768 amictus
974 3705 1016 3768 sit
1037 3706 1136 3782 deus,
1161 3714 1218 3767 aut

92 3819 224 3895 propter
238 3810 463 3896 neglegentem
479 3811 616 3874 vestium
629 3812 903 3876 adumbrationem
921 3812 1000 3897 (la),
1018 3823 1075 3876 aut
1088 3822 1217 3896 propter

93 3986 298 3995 —-——--—-·—

163 4089 204 4150 aa)
225 4082 306 4144 Quod
324 4083 568 4138 Winckelmannus
589 4085 629 4151 (V.
651 4104 676 4156 p.
698 4088 767 4150 21³.)
789 4086 886 4151 voluit,
907 4087 934 4140 in
953 4054 1124 4142 nummorum
1144 4086 1216 4143 anti-

93 4171 284 4243 quissimorum
301 4177 377 4241 parte
395 4179 491 4242 ectypa
507 4170 661 4236 barbatum,
681 4172 829 4226 imberbem
852 4173 880 4226 in
903 4182 979 4244 parte
1000 4175 1094 4229 incusa
1111 4193 1216 4248 semper

93 4275 153 4313 esse
170 4257 339 4329 Neptunum,
359 4256 405 4312 vix
422 4275 453 4312 ac
472 4275 505 4311 ne
523 4257 568 4311 vix
585 4258 695 4329 quidem
712 4259 838 4313 sustineri
855 4266 953 4331 potest.
