2986 4912
661 301 698 364 15

202 480 232 537 6.
258 475 425 536 Marmoris
448 495 547 557 prope
569 473 713 536 Athenas
736 473 852 556 reperti
872 473 1099 557 fragmentum,
1124 471 1237 552 inquo

117 581 262 666 Neptuni
284 592 381 664 eaput
403 592 435 643 et
457 581 604 644 tridentis
627 580 775 662 cuspides
798 581 1051 662 conspiciuntur.
1079 577 1234 653 Schoene,

116 709 162 772 gr.
188 688 245 751 rel.
270 689 327 752 taf.
352 689 478 752 XXIV.
508 691 625 769 lolfl)

203 1119 351 1182 Relicum
381 1130 446 1195 est,
477 1129 515 1182 ut
541 1120 575 1182 in
604 1141 754 1182 nummos
782 1119 910 1200 aliquos
933 1117 1152 1200 inquiramuS,
1185 1118 1240 1200 qui

115 1247 190 1289 oum
220 1226 341 1308 priscae
369 1227 480 1290 aetatis
510 1237 605 1310 atque
633 1227 709 1290 artis
738 1225 872 1310 vestigia
902 1235 1009 1308 aperte
1037 1247 1112 1308 prae
1135 1245 1168 1287 sc
1191 1225 1239 1287 fe-

115 1343 199 1409 rant,
223 1332 288 1396 huc
309 1335 482 1416 pertinent.
529 1335 720 1397 Posidoniae
742 1333 831 1397 urbis
854 1332 925 1395 dico
948 1354 1096 1395 nummos
1120 1354 1239 1417 argen-

114 1450 183 1502 teos
192 1442 245 1522 ⁴⁵),
269 1441 304 1503 in
327 1442 443 1523 quibus
466 1443 639 1524 Neptunus
661 1441 864 1525 ingrediens,
894 1440 1056 1523 pendente
1082 1461 1122 1502 ex
1148 1461 1239 1502 ume-

115 1547 159 1608 ris
192 1547 341 1630 palliolo,
376 1543 505 1612 sinistra
532 1558 678 1624 extenta,
713 1550 824 1611 dextra
852 1547 1022 1610 tridentem
1051 1548 1239 1629 intorquens

116 1654 371 1739 conspiciturffi).
419 1656 565 1722 Quorum
592 1658 656 1719 duo
686 1665 763 1718 sunt
791 1655 937 1730 ordineS,
975 1655 1031 1736 qui
1059 1675 1238 1717 aversarum

114 1760 254 1845 partium
276 1764 460 1826 discrimine
482 1764 733 1826 constituuntur.
773 1764 821 1826 Ac
842 1762 957 1846 prioris
972 1762 1102 1843 quidem
1118 1761 1237 1823 ordinis

115 1869 252 1944 nummi,
276 1891 355 1952 quos
378 1871 573 1952 antiquiores
597 1893 666 1934 esse
688 1881 831 1954 apparet,
856 1871 891 1931 in
914 1890 1023 1931 aversa
1044 1881 1133 1952 parte
1156 1890 1238 1932 eun-

116 1976 187 2038 dem
210 1986 324 2059 typum
346 1978 496 2041 incusum
517 1980 683 2062 praebent.
724 1979 775 2041 Ad
797 1978 932 2040 alterum
955 1976 1071 2038 deinde
1094 1976 1238 2038 ordinem

118 2081 174 2164 qui
203 2084 383 2167 pertinent,
418 2096 546 2148 taurum
579 2096 728 2169 ectypum
761 2084 947 2147 ostendunt.
995 2083 1084 2149 Quos
1113 2103 1239 2145 summa

118 2197 184 2252 arte
205 2211 298 2274 saepe
321 2192 482 2255 confectos
505 2195 546 2256 ad
568 2191 988 2274 recentiorem'plerumquo
1004 2201 1140 2253 aetatem
1155 2189 1236 2252 rele-

117 2299 237 2377 gandos
261 2319 330 2360 ease
352 2309 487 2376 constat,
512 2300 698 2383 praesertim
720 2320 794 2361 cum
815 2320 917 2360 novae
939 2298 1102 2361 literarum
1118 2299 1237 2360 formae

115 2409 342 2488 nonnusquam
363 2406 579 2470 inveniantur.

199 2512 306 2595 Atque
339 2514 535 2596 antiquiores
568 2514 698 2596 quidem
731 2536 794 2597 quo
824 2523 965 2597 tempore
996 2514 1135 2597 primum
1164 2535 1238 2597 per-

21 2630 24 2635 '
52 2619 65 2629 ’
114 2620 201 2682 cussi
234 2621 314 2698 sint,
350 2622 386 2683 in
419 2622 517 2684 dubio
546 2632 689 2684 versatur
717 2634 902 2704 propterea,
938 2622 1024 2704 quod
1046 2621 1238 2684 Posidoniae

114 2726 204 2790 urbis
225 2728 365 2810 origines
387 2728 492 2791 lucem
514 2729 619 2791 adhuc
641 2728 833 2791 desiderant.
881 2729 1030 2811 Longum
1053 2739 1119 2804 est,
1145 2750 1239 2790 accu-

114 2833 214 2897 ratius
236 2835 271 2897 in
293 2835 351 2897 has
373 2857 423 2898 res
445 2836 616 2918 inquirere.
656 2835 811 2899 Constare
832 2845 941 2898 tamen
963 2836 1101 2911 videtur,
1127 2836 1239 2898 urbem

118 2937 203 3001 baud
222 2941 268 3003 ita
289 2942 391 3005 multo
414 2953 487 3026 post
503 2943 639 3026 Sybarin
655 2943 816 3006 conditam
832 2944 854 3006 i.
873 2965 900 3006 e.
920 2943 1002 3006 circa
1017 2941 1058 3005 ol.
1077 2942 1201 3005 XVIII.
1220 2964 1238 3003 a

118 3045 297 3111 Troezeniis
320 3071 360 3112 ex
382 3050 443 3113 bac
465 3053 543 3112 urbe
566 3051 721 3133 depulsis,
746 3071 825 3134 quos
850 3049 980 3112 Solinus
988 3052 1023 3133 ⁴⁷)
1051 3050 1235 3125 DorienseS,

115 3153 275 3237 Sybaritas
292 3157 448 3241 strabos)
477 3168 509 3220 et
532 3159 689 3241 Scymnus
712 3158 812 3220 Chius
821 3159 856 3239 49)
878 3157 1091 3231 crediderunt,
1117 3157 1237 3219 consti-

115 3348 318 3360 ——-

179 3468 221 3529 44)
242 3464 451 3520 Monumentum
475 3466 607 3520 ineditum
630 3466 682 3519 huc
711 3472 846 3535 spectans,
872 3465 1045 3536 Neptunum,
1074 3464 1234 3530 Minervam,

111 3550 246 3604 Latonam
265 3552 404 3615 exhibens,
425 3552 579 3622 Patriburgi
597 3558 688 3604 extare
708 3551 807 3604 dicitur
824 3550 897 3604 arch.
918 3568 976 3604 aaz.
999 3552 1060 3601 1851
1081 3569 1108 3620 p.
1130 3556 1172 3603 58.

180 3640 222 3703 45)
244 3637 347 3690 Aereos
365 3638 437 3691 enim
455 3638 604 3690 rarissimos
623 3655 680 3690 esse
694 3645 721 3691 et
735 3655 840 3708 semper
852 3637 1010 3689 recentioris
1022 3637 1135 3704 originis
1148 3637 1236 3706 suspi-

110 3720 214 3775 tionem
235 3741 357 3787 morere,
378 3724 475 3792 colligo
499 3742 531 3777 ex
555 3724 686 3791 Magnani
709 3726 775 3778 Luc.
796 3741 870 3775 num.
891 3724 946 3774 tab.
963 3707 1007 3774 ¹25.
1029 3725 1076 3787 263
1102 3725 1137 3777 cs.
1157 3741 1183 3792 p.
1207 3725 1233 3773 ll

112 3813 151 3861 nt.
172 3810 217 3860 22.

179 3896 221 3959 46)
243 3895 383 3949 Uberrima
406 3896 501 3951 talium
525 3915 695 3950 nummorum
720 3894 842 3950 collectio
864 3893 928 3946 olim
952 3895 1062 3948 extabat
1090 3896 1119 3948 in
1146 3911 1238 3946 museo

111 3975 235 4032 Coralius
252 3981 414 4034 Noiensium
433 3982 516 4035 ducis.
537 3984 571 4035 cf.
592 3982 756 4036 Winokelm.
778 3979 830 4032 ΙΙΙ.
851 3997 878 4049 p.
899 3982 959 4033 214.

181 4068 223 4130 ll)
244 4082 302 4136 cap.
323 4067 361 4119 Il.
382 4071 394 4133 ξ
415 4070 454 4119 10.

180 4152 221 4216 49)
244 4151 277 4202 V.
296 4169 322 4222 p.
344 4153 432 4205 25113.

180 4240 222 4299 49}
242 4236 340 4306 Peripl.
362 4257 384 4289 r.
406 4240 465 4288 2⁴5.
