<?xml version="1.0" encoding="UTF-8"?>
<!DOCTYPE html PUBLIC "-//W3C//DTD XHTML 1.0 Transitional//EN"
    "http://www.w3.org/TR/xhtml1/DTD/xhtml1-transitional.dtd">
<html xmlns="http://www.w3.org/1999/xhtml" xml:lang="en" lang="en">
 <head>
  <title>
</title>
<meta http-equiv="Content-Type" content="text/html;charset=utf-8" />
  <meta name='ocr-system' content='tesseract 3.04.00' />
  <meta name='ocr-capabilities' content='ocr_page ocr_carea ocr_par ocr_line ocrx_word'/>
</head>
<body>
  <div class='ocr_page' id='page_1' title='image "./deantiquissiman00manigoog_0057.png"; bbox 0 0 2986 4912; ppageno 0'>
   <div class='ocr_carea' id='block_1_1' title="bbox 624 303 770 373">
    <p class='ocr_par' dir='ltr' id='par_1_1' title="bbox 624 303 770 373">
     <span class='ocr_line' id='line_1_1' title="bbox 624 303 770 373; baseline -0.007 -10"><span class='ocrx_word' id='word_1_1' title='bbox 624 303 770 373; x_wconf 83' lang='grc'>,48</span> 
     </span>
    </p>
   </div>
   <div class='ocr_carea' id='block_1_2' title="bbox 157 471 1366 3141">
    <p class='ocr_par' dir='ltr' id='par_1_2' title="bbox 188 471 1317 986">
     <span class='ocr_line' id='line_1_2' title="bbox 189 471 1317 557; baseline -0.001 -21"><span class='ocrx_word' id='word_1_2' title='bbox 189 473 323 557; x_wconf 90' lang='lat' dir='ltr'>picturis</span> <span class='ocrx_word' id='word_1_3' title='bbox 350 473 445 534; x_wconf 91' lang='lat' dir='ltr'>rubro</span> <span class='ocrx_word' id='word_1_4' title='bbox 475 471 580 533; x_wconf 87' lang='lat' dir='ltr'>colore</span> <span class='ocrx_word' id='word_1_5' title='bbox 610 472 770 534; x_wconf 91' lang='lat' dir='ltr'>distinctis</span> <span class='ocrx_word' id='word_1_6' title='bbox 797 472 932 554; x_wconf 87' lang='lat' dir='ltr'>cogitari</span> <span class='ocrx_word' id='word_1_7' title='bbox 961 494 1073 555; x_wconf 90' lang='lat' dir='ltr'>posse,</span> <span class='ocrx_word' id='word_1_8' title='bbox 1109 494 1146 533; x_wconf 89' lang='lat' dir='ltr'>eo</span> <span class='ocrx_word' id='word_1_9' title='bbox 1176 473 1317 535; x_wconf 84' lang='lat' dir='ltr'>maxime</span> 
     </span>
     <span class='ocr_line' id='line_1_3' title="bbox 189 578 1317 663; baseline -0.003 -20"><span class='ocrx_word' id='word_1_10' title='bbox 189 581 398 662; x_wconf 85' lang='lat' dir='ltr'>intellegitur,</span> <span class='ocrx_word' id='word_1_11' title='bbox 424 578 510 661; x_wconf 90' lang='lat' dir='ltr'>quod</span> <span class='ocrx_word' id='word_1_12' title='bbox 532 579 567 640; x_wconf 90' lang='lat' dir='ltr'>in</span> <span class='ocrx_word' id='word_1_13' title='bbox 589 578 640 641; x_wconf 91' lang='lat' dir='ltr'>his</span> <span class='ocrx_word' id='word_1_14' title='bbox 663 578 803 662; x_wconf 92' lang='lat' dir='ltr'>primum</span> <span class='ocrx_word' id='word_1_15' title='bbox 817 579 993 661; x_wconf 81' lang='lat' dir='ltr'>Neptunus</span> <span class='ocrx_word' id='word_1_16' title='bbox 1008 579 1127 662; x_wconf 87' lang='lat' dir='ltr'>puellis</span> <span class='ocrx_word' id='word_1_17' title='bbox 1142 580 1317 663; x_wconf 91' lang='lat' dir='ltr'>puerisque</span> 
     </span>
     <span class='ocr_line' id='line_1_4' title="bbox 189 686 1316 770; baseline -0.003 -19"><span class='ocrx_word' id='word_1_18' title='bbox 189 691 303 752; x_wconf 87' lang='lat' dir='ltr'>amatis</span> <span class='ocrx_word' id='word_1_19' title='bbox 326 687 540 750; x_wconf 81' lang='lat' dir='ltr'>consociatur.</span> <span class='ocrx_word' id='word_1_20' title='bbox 586 687 660 752; x_wconf 76' lang='lat' dir='ltr'>Quo</span> <span class='ocrx_word' id='word_1_21' title='bbox 682 686 807 748; x_wconf 89' lang='lat' dir='ltr'>factum</span> <span class='ocrx_word' id='word_1_22' title='bbox 829 696 889 763; x_wconf 91' lang='lat' dir='ltr'>est,</span> <span class='ocrx_word' id='word_1_23' title='bbox 914 696 1038 748; x_wconf 91' lang='lat' dir='ltr'>utnon</span> <span class='ocrx_word' id='word_1_24' title='bbox 1061 697 1189 751; x_wconf 89' lang='lat' dir='ltr'>tantum</span> <span class='ocrx_word' id='word_1_25' title='bbox 1203 687 1316 770; x_wconf 87' lang='lat' dir='ltr'>figuris</span> 
     </span>
     <span class='ocr_line' id='line_1_5' title="bbox 189 792 1317 882; baseline -0.002 -24"><span class='ocrx_word' id='word_1_26' title='bbox 189 799 299 860; x_wconf 89' lang='lat' dir='ltr'>tunica</span> <span class='ocrx_word' id='word_1_27' title='bbox 320 795 483 882; x_wconf 86' lang='lat' dir='ltr'>pallioque</span> <span class='ocrx_word' id='word_1_28' title='bbox 505 792 703 856; x_wconf 83' lang='lat' dir='ltr'>sollemniter</span> <span class='ocrx_word' id='word_1_29' title='bbox 724 793 860 868; x_wconf 87' lang='lat' dir='ltr'>vestitis,</span> <span class='ocrx_word' id='word_1_30' title='bbox 886 795 942 856; x_wconf 92' lang='lat' dir='ltr'>sed</span> <span class='ocrx_word' id='word_1_31' title='bbox 965 795 1062 858; x_wconf 90' lang='lat' dir='ltr'>etiam</span> <span class='ocrx_word' id='word_1_32' title='bbox 1084 796 1180 857; x_wconf 90' lang='lat' dir='ltr'>nudis</span> <span class='ocrx_word' id='word_1_33' title='bbox 1209 795 1262 876; x_wconf 78' lang='lat' dir='ltr'>(r.)</span> <span class='ocrx_word' id='word_1_34' title='bbox 1284 803 1317 856; x_wconf 91' lang='lat' dir='ltr'>et</span> 
     </span>
     <span class='ocr_line' id='line_1_6' title="bbox 188 900 1165 986; baseline -0.003 -19"><span class='ocrx_word' id='word_1_35' title='bbox 188 907 277 967; x_wconf 89' lang='lat' dir='ltr'>brevi</span> <span class='ocrx_word' id='word_1_36' title='bbox 299 915 387 968; x_wconf 90' lang='lat' dir='ltr'>veste</span> <span class='ocrx_word' id='word_1_37' title='bbox 409 903 534 966; x_wconf 89' lang='lat' dir='ltr'>amictis</span> <span class='ocrx_word' id='word_1_38' title='bbox 563 900 628 982; x_wconf 49' lang='grc' dir='ltr'>(ἢ).</span> <span class='ocrx_word' id='word_1_39' title='bbox 653 900 726 985; x_wconf 63' lang='lat' dir='ltr'>*pb</span> <span class='ocrx_word' id='word_1_40' title='bbox 754 901 853 984; x_wconf 88' lang='lat' dir='ltr'>piscis</span> <span class='ocrx_word' id='word_1_41' title='bbox 876 902 1017 965; x_wconf 92' lang='lat' dir='ltr'>tributus</span> <span class='ocrx_word' id='word_1_42' title='bbox 1041 904 1083 965; x_wconf 88' lang='lat' dir='ltr'>sit</span> <span class='ocrx_word' id='word_1_43' title='bbox 1095 906 1165 986; x_wconf 76' lang='grc'>104).’</span> 
     </span>
    </p>

    <p class='ocr_par' dir='ltr' id='par_1_3' title="bbox 274 996 1317 1093">
     <span class='ocr_line' id='line_1_7' title="bbox 274 996 1317 1093; baseline -0.002 -21"><span class='ocrx_word' id='word_1_44' title='bbox 274 1010 337 1072; x_wconf 85' lang='lat' dir='ltr'>Sed</span> <span class='ocrx_word' id='word_1_45' title='bbox 363 1012 402 1073; x_wconf 87' lang='lat' dir='ltr'>ab</span> <span class='ocrx_word' id='word_1_46' title='bbox 425 1010 496 1072; x_wconf 89' lang='lat' dir='ltr'>aliis</span> <span class='ocrx_word' id='word_1_47' title='bbox 519 1029 648 1092; x_wconf 92' lang='lat' dir='ltr'>quoque</span> <span class='ocrx_word' id='word_1_48' title='bbox 669 1007 766 1070; x_wconf 90' lang='lat' dir='ltr'>maris</span> <span class='ocrx_word' id='word_1_49' title='bbox 789 1009 980 1072; x_wconf 88' lang='lat' dir='ltr'>numinibus</span> <span class='ocrx_word' id='word_1_50' title='bbox 1003 1011 1101 1093; x_wconf 88' lang='lat' dir='ltr'>piscis</span> <span class='ocrx_word' id='word_1_51' title='bbox 1125 996 1317 1072; x_wconf 79' lang='lat' dir='ltr'>attributum</span> 
     </span>
    </p>

    <p class='ocr_par' dir='ltr' id='par_1_4' title="bbox 185 1116 1366 2278">
     <span class='ocr_line' id='line_1_8' title="bbox 189 1116 1316 1201; baseline 0.001 -24"><span class='ocrx_word' id='word_1_52' title='bbox 189 1139 255 1180; x_wconf 89' lang='lat' dir='ltr'>non</span> <span class='ocrx_word' id='word_1_53' title='bbox 284 1117 426 1180; x_wconf 90' lang='lat' dir='ltr'>alienum</span> <span class='ocrx_word' id='word_1_54' title='bbox 448 1139 536 1192; x_wconf 87' lang='lat' dir='ltr'>esse,</span> <span class='ocrx_word' id='word_1_55' title='bbox 567 1118 631 1178; x_wconf 90' lang='lat' dir='ltr'>iam</span> <span class='ocrx_word' id='word_1_56' title='bbox 655 1137 752 1198; x_wconf 89' lang='lat' dir='ltr'>supra</span> <span class='ocrx_word' id='word_1_57' title='bbox 774 1116 922 1179; x_wconf 85' lang='lat' dir='ltr'>Thetidis</span> <span class='ocrx_word' id='word_1_58' title='bbox 946 1117 1093 1201; x_wconf 84' lang='lat' dir='ltr'>exemplo</span> <span class='ocrx_word' id='word_1_59' title='bbox 1117 1117 1211 1179; x_wconf 89' lang='lat' dir='ltr'>nobis</span> <span class='ocrx_word' id='word_1_60' title='bbox 1234 1138 1316 1198; x_wconf 92' lang='lat' dir='ltr'>pro-</span> 
     </span>
     <span class='ocr_line' id='line_1_9' title="bbox 187 1224 1316 1308; baseline -0.002 -20"><span class='ocrx_word' id='word_1_61' title='bbox 187 1227 300 1288; x_wconf 89' lang='lat' dir='ltr'>batum</span> <span class='ocrx_word' id='word_1_62' title='bbox 322 1237 380 1288; x_wconf 91' lang='lat' dir='ltr'>est.</span> <span class='ocrx_word' id='word_1_63' title='bbox 428 1225 590 1300; x_wconf 80' lang='lat' dir='ltr'>Sufficiat,</span> <span class='ocrx_word' id='word_1_64' title='bbox 614 1224 833 1308; x_wconf 80' lang='lat' dir='ltr'>Amphitriten</span> <span class='ocrx_word' id='word_1_65' title='bbox 863 1225 943 1308; x_wconf 80' lang='lat' dir='ltr'>(bb.)</span> <span class='ocrx_word' id='word_1_66' title='bbox 972 1225 1132 1289; x_wconf 86' lang='lat' dir='ltr'>addidisse</span> <span class='ocrx_word' id='word_1_67' title='bbox 1155 1235 1187 1287; x_wconf 90' lang='lat' dir='ltr'>et</span> <span class='ocrx_word' id='word_1_68' title='bbox 1209 1224 1316 1287; x_wconf 89' lang='lat' dir='ltr'>Nerea</span> 
     </span>
     <span class='ocr_line' id='line_1_10' title="bbox 194 1314 1316 1416; baseline 0 -21"><span class='ocrx_word' id='word_1_69' title='bbox 194 1333 287 1414; x_wconf 65' lang='lat' dir='ltr'>(Or,</span> <span class='ocrx_word' id='word_1_70' title='bbox 311 1314 374 1413; x_wconf 80' lang='lat' dir='ltr'>gal.</span> <span class='ocrx_word' id='word_1_71' title='bbox 400 1333 474 1396; x_wconf 91' lang='lat' dir='ltr'>VlI.</span> <span class='ocrx_word' id='word_1_72' title='bbox 493 1335 553 1416; x_wconf 83' lang='grc'>4.),</span> <span class='ocrx_word' id='word_1_73' title='bbox 578 1332 671 1395; x_wconf 90' lang='lat' dir='ltr'>cuius</span> <span class='ocrx_word' id='word_1_74' title='bbox 687 1333 818 1395; x_wconf 88' lang='lat' dir='ltr'>nomine</span> <span class='ocrx_word' id='word_1_75' title='bbox 834 1333 899 1394; x_wconf 88' lang='lat' dir='ltr'>iam</span> <span class='ocrx_word' id='word_1_76' title='bbox 915 1332 993 1395; x_wconf 93' lang='lat' dir='ltr'>illuc</span> <span class='ocrx_word' id='word_1_77' title='bbox 1008 1334 1201 1407; x_wconf 84' lang='lat' dir='ltr'>reducimur,</span> <span class='ocrx_word' id='word_1_78' title='bbox 1228 1335 1316 1395; x_wconf 89' lang='lat' dir='ltr'>uude</span> 
     </span>
     <span class='ocr_line' id='line_1_11' title="bbox 189 1441 1210 1504; baseline -0.001 -2"><span class='ocrx_word' id='word_1_79' title='bbox 189 1441 415 1504; x_wconf 89' lang='lat' dir='ltr'>aberravimus.</span> <span class='ocrx_word' id='word_1_80' title='bbox 1207 1478 1210 1481; x_wconf 94' lang='lat'><em>-</em></span> 
     </span>
     <span class='ocr_line' id='line_1_12' title="bbox 272 1548 1366 1631; baseline -0.001 -20"><span class='ocrx_word' id='word_1_81' title='bbox 272 1549 323 1611; x_wconf 90' lang='lat' dir='ltr'>Ne</span> <span class='ocrx_word' id='word_1_82' title='bbox 351 1548 469 1631; x_wconf 89' lang='lat' dir='ltr'>longus</span> <span class='ocrx_word' id='word_1_83' title='bbox 492 1549 570 1624; x_wconf 88' lang='lat' dir='ltr'>sim,</span> <span class='ocrx_word' id='word_1_84' title='bbox 595 1549 631 1610; x_wconf 90' lang='lat' dir='ltr'>in</span> <span class='ocrx_word' id='word_1_85' title='bbox 653 1549 779 1631; x_wconf 89' lang='lat' dir='ltr'>pictura</span> <span class='ocrx_word' id='word_1_86' title='bbox 802 1569 899 1631; x_wconf 90' lang='lat' dir='ltr'>supra</span> <span class='ocrx_word' id='word_1_87' title='bbox 921 1548 1018 1612; x_wconf 87' lang='lat' dir='ltr'>allata</span> <span class='ocrx_word' id='word_1_88' title='bbox 1042 1548 1104 1631; x_wconf 58' lang='lat'>19.)</span> <span class='ocrx_word' id='word_1_89' title='bbox 1132 1570 1200 1610; x_wconf 94' lang='lat' dir='ltr'>non</span> <span class='ocrx_word' id='word_1_90' title='bbox 1222 1549 1316 1631; x_wconf 90' lang='lat' dir='ltr'>Nep·</span> <span class='ocrx_word' id='word_1_91' title='bbox 1361 1563 1366 1573; x_wconf 95' lang='grc'>’</span> 
     </span>
     <span class='ocr_line' id='line_1_13' title="bbox 185 1655 1314 1739; baseline 0 -21"><span class='ocrx_word' id='word_1_92' title='bbox 185 1668 304 1719; x_wconf 93' lang='lat' dir='ltr'>tunum</span> <span class='ocrx_word' id='word_1_93' title='bbox 337 1657 393 1718; x_wconf 90' lang='lat' dir='ltr'>sed</span> <span class='ocrx_word' id='word_1_94' title='bbox 426 1657 530 1718; x_wconf 89' lang='lat' dir='ltr'>Nerea</span> <span class='ocrx_word' id='word_1_95' title='bbox 563 1666 837 1738; x_wconf 87' lang='lat' dir='ltr'>repraesentatum</span> <span class='ocrx_word' id='word_1_96' title='bbox 867 1678 937 1719; x_wconf 91' lang='lat' dir='ltr'>esse</span> <span class='ocrx_word' id='word_1_97' title='bbox 970 1656 1124 1731; x_wconf 85' lang='lat' dir='ltr'>arbitror,</span> <span class='ocrx_word' id='word_1_98' title='bbox 1160 1655 1314 1739; x_wconf 91' lang='lat' dir='ltr'>primum,</span> 
     </span>
     <span class='ocr_line' id='line_1_14' title="bbox 187 1740 1317 1848; baseline -0.002 -21"><span class='ocrx_word' id='word_1_99' title='bbox 187 1740 262 1847; x_wconf 71' lang='lat' dir='ltr'>buia</span> <span class='ocrx_word' id='word_1_100' title='bbox 289 1764 386 1847; x_wconf 89' lang='lat' dir='ltr'>piscis</span> <span class='ocrx_word' id='word_1_101' title='bbox 417 1786 561 1826; x_wconf 89' lang='lat' dir='ltr'>amorum</span> <span class='ocrx_word' id='word_1_102' title='bbox 583 1763 800 1843; x_wconf 87' lang='lat' dir='ltr'>significatum</span> <span class='ocrx_word' id='word_1_103' title='bbox 823 1784 842 1824; x_wconf 90' lang='lat' dir='ltr'>a</span> <span class='ocrx_word' id='word_1_104' title='bbox 863 1765 996 1847; x_wconf 91' lang='lat' dir='ltr'>picturis</span> <span class='ocrx_word' id='word_1_105' title='bbox 1019 1764 1112 1848; x_wconf 83' lang='lat' dir='ltr'>nigro</span> <span class='ocrx_word' id='word_1_106' title='bbox 1136 1763 1241 1826; x_wconf 90' lang='lat' dir='ltr'>colore</span> <span class='ocrx_word' id='word_1_107' title='bbox 1265 1763 1317 1825; x_wconf 91' lang='lat' dir='ltr'>di-</span> 
     </span>
     <span class='ocr_line' id='line_1_15' title="bbox 187 1871 1318 1954; baseline -0.002 -19"><span class='ocrx_word' id='word_1_108' title='bbox 187 1872 312 1935; x_wconf 90' lang='lat' dir='ltr'>stinctis</span> <span class='ocrx_word' id='word_1_109' title='bbox 335 1871 477 1933; x_wconf 89' lang='lat' dir='ltr'>alienum</span> <span class='ocrx_word' id='word_1_110' title='bbox 499 1892 568 1933; x_wconf 92' lang='lat' dir='ltr'>esse</span> <span class='ocrx_word' id='word_1_111' title='bbox 583 1873 679 1933; x_wconf 92' lang='lat' dir='ltr'>modo</span> <span class='ocrx_word' id='word_1_112' title='bbox 694 1871 846 1946; x_wconf 89' lang='lat' dir='ltr'>vidimus,</span> <span class='ocrx_word' id='word_1_113' title='bbox 871 1879 941 1933; x_wconf 94' lang='lat' dir='ltr'>tum</span> <span class='ocrx_word' id='word_1_114' title='bbox 956 1894 1031 1934; x_wconf 92' lang='lat' dir='ltr'>vero</span> <span class='ocrx_word' id='word_1_115' title='bbox 1048 1873 1123 1954; x_wconf 92' lang='lat' dir='ltr'>quia</span> <span class='ocrx_word' id='word_1_116' title='bbox 1138 1872 1318 1952; x_wconf 82' lang='lat' dir='ltr'>imaginem</span> 
     </span>
     <span class='ocr_line' id='line_1_16' title="bbox 193 1978 1316 2064; baseline -0.001 -22"><span class='ocrx_word' id='word_1_117' title='bbox 193 1981 351 2064; x_wconf 81' lang='lat' dir='ltr'>(M1292.)</span> <span class='ocrx_word' id='word_1_118' title='bbox 374 1978 490 2041; x_wconf 85' lang='lat' dir='ltr'>afferre</span> <span class='ocrx_word' id='word_1_119' title='bbox 512 1999 663 2062; x_wconf 91' lang='lat' dir='ltr'>possum,</span> <span class='ocrx_word' id='word_1_120' title='bbox 695 1979 730 2040; x_wconf 90' lang='lat' dir='ltr'>iu</span> <span class='ocrx_word' id='word_1_121' title='bbox 753 2000 815 2059; x_wconf 90' lang='lat' dir='ltr'>qua</span> <span class='ocrx_word' id='word_1_122' title='bbox 838 1979 936 2042; x_wconf 90' lang='lat' dir='ltr'>Nerei</span> <span class='ocrx_word' id='word_1_123' title='bbox 959 1981 1099 2042; x_wconf 89' lang='lat' dir='ltr'>sedentis</span> <span class='ocrx_word' id='word_1_124' title='bbox 1122 1979 1225 2062; x_wconf 89' lang='lat' dir='ltr'>figura</span> <span class='ocrx_word' id='word_1_125' title='bbox 1249 1980 1316 2041; x_wconf 92' lang='lat' dir='ltr'>eis-</span> 
     </span>
     <span class='ocr_line' id='line_1_17' title="bbox 186 2085 1316 2169; baseline -0.001 -20"><span class='ocrx_word' id='word_1_126' title='bbox 186 2089 260 2149; x_wconf 91' lang='lat' dir='ltr'>dem</span> <span class='ocrx_word' id='word_1_127' title='bbox 288 2087 449 2150; x_wconf 87' lang='lat' dir='ltr'>attributis</span> <span class='ocrx_word' id='word_1_128' title='bbox 476 2087 633 2148; x_wconf 87' lang='lat' dir='ltr'>instructa</span> <span class='ocrx_word' id='word_1_129' title='bbox 661 2096 693 2148; x_wconf 91' lang='lat' dir='ltr'>et</span> <span class='ocrx_word' id='word_1_130' title='bbox 720 2085 801 2148; x_wconf 89' lang='lat' dir='ltr'>albis</span> <span class='ocrx_word' id='word_1_131' title='bbox 832 2086 957 2169; x_wconf 89' lang='lat' dir='ltr'>capillis</span> <span class='ocrx_word' id='word_1_132' title='bbox 987 2086 1131 2169; x_wconf 85' lang='lat' dir='ltr'>praedita</span> <span class='ocrx_word' id='word_1_133' title='bbox 1153 2107 1221 2148; x_wconf 91' lang='lat' dir='ltr'>non</span> <span class='ocrx_word' id='word_1_134' title='bbox 1244 2108 1316 2148; x_wconf 90' lang='lat' dir='ltr'>am-</span> 
     </span>
     <span class='ocr_line' id='line_1_18' title="bbox 185 2175 579 2278; baseline -0.005 -22"><span class='ocrx_word' id='word_1_135' title='bbox 185 2196 284 2278; x_wconf 87' lang='lat' dir='ltr'>bigua</span> <span class='ocrx_word' id='word_1_136' title='bbox 306 2175 505 2278; x_wconf 87' lang='lat' dir='ltr'>conspicitur</span> <span class='ocrx_word' id='word_1_137' title='bbox 515 2196 579 2278; x_wconf 73' lang='lat'><strong>¹⁰⁵).</strong></span> 
     </span>
    </p>

    <p class='ocr_par' dir='ltr' id='par_1_5' title="bbox 157 2300 1315 3141">
     <span class='ocr_line' id='line_1_19' title="bbox 271 2300 1315 2385; baseline 0 -21"><span class='ocrx_word' id='word_1_138' title='bbox 271 2303 446 2383; x_wconf 89' lang='lat' dir='ltr'>Postquam</span> <span class='ocrx_word' id='word_1_139' title='bbox 475 2301 713 2383; x_wconf 84' lang='lat' dir='ltr'>igitur-omnes</span> <span class='ocrx_word' id='word_1_140' title='bbox 738 2301 913 2385; x_wconf 86' lang='lat' dir='ltr'>imagines,</span> <span class='ocrx_word' id='word_1_141' title='bbox 945 2301 1120 2382; x_wconf 91' lang='lat' dir='ltr'>inquibus</span> <span class='ocrx_word' id='word_1_142' title='bbox 1144 2300 1315 2364; x_wconf 88' lang='lat' dir='ltr'>nonnullis</span> 
     </span>
     <span class='ocr_line' id='line_1_20' title="bbox 184 2400 1314 2492; baseline 0 -20"><span class='ocrx_word' id='word_1_143' title='bbox 184 2411 260 2473; x_wconf 85' lang='lat' dir='ltr'>viris</span> <span class='ocrx_word' id='word_1_144' title='bbox 278 2400 385 2472; x_wconf 84' lang='lat' dir='ltr'>doctis</span> <span class='ocrx_word' id='word_1_145' title='bbox 408 2409 582 2492; x_wconf 89' lang='lat' dir='ltr'>Neptunus</span> <span class='ocrx_word' id='word_1_146' title='bbox 605 2420 730 2492; x_wconf 89' lang='lat' dir='ltr'>sceptro</span> <span class='ocrx_word' id='word_1_147' title='bbox 752 2409 924 2472; x_wconf 89' lang='lat' dir='ltr'>distinctus</span> <span class='ocrx_word' id='word_1_148' title='bbox 948 2430 1018 2470; x_wconf 91' lang='lat' dir='ltr'>esse</span> <span class='ocrx_word' id='word_1_149' title='bbox 1042 2409 1227 2483; x_wconf 88' lang='lat' dir='ltr'>videbatur,</span> <span class='ocrx_word' id='word_1_150' title='bbox 1261 2431 1314 2472; x_wconf 90' lang='lat' dir='ltr'>re-</span> 
     </span>
     <span class='ocr_line' id='line_1_21' title="bbox 184 2516 1315 2601; baseline -0.003 -21"><span class='ocrx_word' id='word_1_151' title='bbox 184 2520 331 2594; x_wconf 90' lang='lat' dir='ltr'>iecimus‚</span> <span class='ocrx_word' id='word_1_152' title='bbox 356 2539 422 2580; x_wconf 90' lang='lat' dir='ltr'>una</span> <span class='ocrx_word' id='word_1_153' title='bbox 443 2527 542 2580; x_wconf 90' lang='lat' dir='ltr'>restat</span> <span class='ocrx_word' id='word_1_154' title='bbox 563 2518 689 2600; x_wconf 88' lang='lat' dir='ltr'>pictura</span> <span class='ocrx_word' id='word_1_155' title='bbox 717 2516 809 2601; x_wconf 65' lang='lat' dir='ltr'>(lb),</span> <span class='ocrx_word' id='word_1_156' title='bbox 834 2518 869 2579; x_wconf 91' lang='lat' dir='ltr'>iu</span> <span class='ocrx_word' id='word_1_157' title='bbox 892 2539 955 2599; x_wconf 90' lang='lat' dir='ltr'>qua</span> <span class='ocrx_word' id='word_1_158' title='bbox 978 2516 1083 2579; x_wconf 88' lang='lat' dir='ltr'>facere</span> <span class='ocrx_word' id='word_1_159' title='bbox 1106 2537 1173 2577; x_wconf 91' lang='lat' dir='ltr'>non</span> <span class='ocrx_word' id='word_1_160' title='bbox 1195 2537 1315 2599; x_wconf 88' lang='lat' dir='ltr'>possu-</span> 
     </span>
     <span class='ocr_line' id='line_1_22' title="bbox 157 2624 1314 2707; baseline -0.003 -19"><span class='ocrx_word' id='word_1_161' title='bbox 157 2669 159 2672; x_wconf 93' lang='lat'>-</span> <span class='ocrx_word' id='word_1_162' title='bbox 184 2649 274 2702; x_wconf 91' lang='lat' dir='ltr'>mus,</span> <span class='ocrx_word' id='word_1_163' title='bbox 304 2625 332 2688; x_wconf 92' lang='lat' dir='ltr'>si</span> <span class='ocrx_word' id='word_1_164' title='bbox 354 2626 484 2707; x_wconf 91' lang='lat' dir='ltr'>quidem</span> <span class='ocrx_word' id='word_1_165' title='bbox 506 2625 614 2687; x_wconf 90' lang='lat' dir='ltr'>omnia</span> <span class='ocrx_word' id='word_1_166' title='bbox 636 2635 722 2688; x_wconf 90' lang='lat' dir='ltr'>recte</span> <span class='ocrx_word' id='word_1_167' title='bbox 743 2627 931 2700; x_wconf 89' lang='lat' dir='ltr'>traduntur,</span> <span class='ocrx_word' id='word_1_168' title='bbox 963 2625 1042 2706; x_wconf 93' lang='lat' dir='ltr'>quin</span> <span class='ocrx_word' id='word_1_169' title='bbox 1065 2624 1125 2686; x_wconf 91' lang='lat' dir='ltr'>deo</span> <span class='ocrx_word' id='word_1_170' title='bbox 1149 2633 1314 2706; x_wconf 88' lang='lat' dir='ltr'>sceptrum</span> 
     </span>
     <span class='ocr_line' id='line_1_23' title="bbox 183 2730 1311 2816; baseline -0.003 -21"><span class='ocrx_word' id='word_1_171' title='bbox 183 2735 339 2796; x_wconf 90' lang='lat' dir='ltr'>tributum</span> <span class='ocrx_word' id='word_1_172' title='bbox 372 2755 441 2796; x_wconf 90' lang='lat' dir='ltr'>esse</span> <span class='ocrx_word' id='word_1_173' title='bbox 475 2754 699 2816; x_wconf 84' lang='lat' dir='ltr'>agnoscamus.</span> <span class='ocrx_word' id='word_1_174' title='bbox 747 2734 832 2796; x_wconf 90' lang='lat' dir='ltr'>Nam</span> <span class='ocrx_word' id='word_1_175' title='bbox 865 2732 940 2796; x_wconf 84' lang='lat' dir='ltr'>cum¹</span> <span class='ocrx_word' id='word_1_176' title='bbox 973 2754 1039 2793; x_wconf 91' lang='lat' dir='ltr'>non</span> <span class='ocrx_word' id='word_1_177' title='bbox 1073 2730 1179 2793; x_wconf 91' lang='lat' dir='ltr'>solum</span> <span class='ocrx_word' id='word_1_178' title='bbox 1212 2731 1311 2813; x_wconf 90' lang='lat' dir='ltr'>piscis</span> 
     </span>
     <span class='ocr_line' id='line_1_24' title="bbox 183 2839 1310 2923; baseline -0.004 -18"><span class='ocrx_word' id='word_1_179' title='bbox 183 2842 310 2905; x_wconf 89' lang='lat' dir='ltr'>additus</span> <span class='ocrx_word' id='word_1_180' title='bbox 334 2841 386 2916; x_wconf 91' lang='lat' dir='ltr'>sit,</span> <span class='ocrx_word' id='word_1_181' title='bbox 412 2841 468 2904; x_wconf 90' lang='lat' dir='ltr'>sed</span> <span class='ocrx_word' id='word_1_182' title='bbox 484 2842 580 2904; x_wconf 89' lang='lat' dir='ltr'>etiam</span> <span class='ocrx_word' id='word_1_183' title='bbox 595 2841 719 2922; x_wconf 88' lang='lat' dir='ltr'>hydria,</span> <span class='ocrx_word' id='word_1_184' title='bbox 743 2863 807 2923; x_wconf 90' lang='lat' dir='ltr'>qua</span> <span class='ocrx_word' id='word_1_185' title='bbox 822 2840 1034 2922; x_wconf 88' lang='lat' dir='ltr'>distinguitur</span> <span class='ocrx_word' id='word_1_186' title='bbox 1049 2839 1175 2913; x_wconf 91' lang='lat' dir='ltr'>mulier,</span> <span class='ocrx_word' id='word_1_187' title='bbox 1201 2839 1310 2921; x_wconf 87' lang='lat' dir='ltr'>pictu-</span> 
     </span>
     <span class='ocr_line' id='line_1_25' title="bbox 182 2948 1307 3031; baseline -0.004 -20"><span class='ocrx_word' id='word_1_188' title='bbox 182 2971 250 3012; x_wconf 87' lang='lat' dir='ltr'>ram</span> <span class='ocrx_word' id='word_1_189' title='bbox 279 2951 320 3012; x_wconf 90' lang='lat' dir='ltr'>ad</span> <span class='ocrx_word' id='word_1_190' title='bbox 346 2949 543 3031; x_wconf 87' lang='lat' dir='ltr'>Amymones</span> <span class='ocrx_word' id='word_1_191' title='bbox 571 2949 716 3011; x_wconf 83' lang='lat' dir='ltr'>fabulam</span> <span class='ocrx_word' id='word_1_192' title='bbox 744 2959 891 3031; x_wconf 89' lang='lat' dir='ltr'>spectare</span> <span class='ocrx_word' id='word_1_193' title='bbox 919 2958 1028 3030; x_wconf 91' lang='lat' dir='ltr'>aperte</span> <span class='ocrx_word' id='word_1_194' title='bbox 1057 2948 1307 3018; x_wconf 86' lang='lat' dir='ltr'>demonstretur,</span> 
     </span>
     <span class='ocr_line' id='line_1_26' title="bbox 182 3057 757 3141; baseline -0.005 -21"><span class='ocrx_word' id='word_1_195' title='bbox 182 3058 356 3141; x_wconf 85' lang='lat' dir='ltr'>Neptunus</span> <span class='ocrx_word' id='word_1_196' title='bbox 379 3079 457 3121; x_wconf 89' lang='lat' dir='ltr'>sane</span> <span class='ocrx_word' id='word_1_197' title='bbox 479 3057 673 3139; x_wconf 90' lang='lat' dir='ltr'>conspicuus</span> <span class='ocrx_word' id='word_1_198' title='bbox 698 3067 757 3118; x_wconf 88' lang='lat' dir='ltr'>est.</span> 
     </span>
    </p>
   </div>
   <div class='ocr_carea' id='block_1_3' title="bbox 632 3231 865 3256">
    <p class='ocr_par' dir='ltr' id='par_1_6' title="bbox 632 3231 865 3256">
     <span class='ocr_line' id='line_1_27' title="bbox 632 3231 865 3256; baseline 0.009 -10"><span class='ocrx_word' id='word_1_199' title='bbox 632 3231 865 3256; x_wconf 44' lang='grc' dir='ltr'>...ο-ψ</span> 
     </span>
    </p>
   </div>
   <div class='ocr_carea' id='block_1_4' title="bbox 184 3354 388 3363">
    <p class='ocr_par' dir='ltr' id='par_1_7' title="bbox 184 3354 388 3363">
     <span class='ocr_line' id='line_1_28' title="bbox 184 3354 388 3363; baseline 0.005 -1"><span class='ocrx_word' id='word_1_200' title='bbox 184 3354 388 3363; x_wconf 79' lang='lat'>-—-—.—.-</span> 
     </span>
    </p>
   </div>
   <div class='ocr_carea' id='block_1_5' title="bbox 181 3447 1375 3783">
    <p class='ocr_par' dir='ltr' id='par_1_8' title="bbox 181 3447 1375 3783">
     <span class='ocr_line' id='line_1_29' title="bbox 252 3447 1310 3521; baseline -0.004 -15"><span class='ocrx_word' id='word_1_201' title='bbox 252 3457 308 3518; x_wconf 81' lang='grc'>104)</span> <span class='ocrx_word' id='word_1_202' title='bbox 329 3455 405 3507; x_wconf 87' lang='lat' dir='ltr'>Haec</span> <span class='ocrx_word' id='word_1_203' title='bbox 424 3452 507 3505; x_wconf 90' lang='lat' dir='ltr'>altera</span> <span class='ocrx_word' id='word_1_204' title='bbox 524 3451 604 3521; x_wconf 87' lang='lat' dir='ltr'>piscis</span> <span class='ocrx_word' id='word_1_205' title='bbox 616 3450 760 3521; x_wconf 83' lang='lat' dir='ltr'>explicatio</span> <span class='ocrx_word' id='word_1_206' title='bbox 778 3450 813 3504; x_wconf 89' lang='lat' dir='ltr'>ad</span> <span class='ocrx_word' id='word_1_207' title='bbox 826 3450 976 3521; x_wconf 87' lang='lat' dir='ltr'>anaglypha</span> <span class='ocrx_word' id='word_1_208' title='bbox 990 3456 1130 3519; x_wconf 83' lang='lat' dir='ltr'>artemque</span> <span class='ocrx_word' id='word_1_209' title='bbox 1149 3447 1310 3502; x_wconf 82' lang='lat' dir='ltr'>statuariam</span> 
     </span>
     <span class='ocr_line' id='line_1_30' title="bbox 181 3535 1310 3609; baseline -0.005 -17"><span class='ocrx_word' id='word_1_210' title='bbox 181 3540 247 3593; x_wconf 91' lang='lat' dir='ltr'>mihi</span> <span class='ocrx_word' id='word_1_211' title='bbox 266 3539 375 3609; x_wconf 89' lang='lat' dir='ltr'>quidem</span> <span class='ocrx_word' id='word_1_212' title='bbox 392 3538 438 3591; x_wconf 83' lang='lat' dir='ltr'>vix</span> <span class='ocrx_word' id='word_1_213' title='bbox 450 3545 571 3608; x_wconf 88' lang='lat' dir='ltr'>spectare</span> <span class='ocrx_word' id='word_1_214' title='bbox 588 3537 704 3591; x_wconf 85' lang='lat' dir='ltr'>videtur.</span> <span class='ocrx_word' id='word_1_215' title='bbox 729 3538 825 3607; x_wconf 88' lang='lat' dir='ltr'>Itaque</span> <span class='ocrx_word' id='word_1_216' title='bbox 844 3555 898 3590; x_wconf 87' lang='lat' dir='ltr'>nou</span> <span class='ocrx_word' id='word_1_217' title='bbox 918 3536 1030 3598; x_wconf 82' lang='lat' dir='ltr'>dubito,-</span> <span class='ocrx_word' id='word_1_218' title='bbox 1044 3535 1110 3605; x_wconf 94' lang='lat' dir='ltr'>quin</span> <span class='ocrx_word' id='word_1_219' title='bbox 1130 3535 1211 3604; x_wconf 87' lang='lat' dir='ltr'>piscis</span> <span class='ocrx_word' id='word_1_220' title='bbox 1230 3538 1310 3586; x_wconf 87' lang='lat' dir='ltr'>attri-</span> 
     </span>
     <span class='ocr_line' id='line_1_31' title="bbox 181 3621 1309 3693; baseline -0.005 -15"><span class='ocrx_word' id='word_1_221' title='bbox 181 3627 277 3679; x_wconf 90' lang='lat' dir='ltr'>butum</span> <span class='ocrx_word' id='word_1_222' title='bbox 295 3625 324 3676; x_wconf 94' lang='lat' dir='ltr'>in</span> <span class='ocrx_word' id='word_1_223' title='bbox 343 3625 396 3678; x_wconf 90' lang='lat' dir='ltr'>illis</span> <span class='ocrx_word' id='word_1_224' title='bbox 414 3625 510 3678; x_wconf 84' lang='lat' dir='ltr'>statuis</span> <span class='ocrx_word' id='word_1_225' title='bbox 528 3623 607 3676; x_wconf 91' lang='lat' dir='ltr'>nobis</span> <span class='ocrx_word' id='word_1_226' title='bbox 625 3642 680 3686; x_wconf 86' lang='lat' dir='ltr'>non</span> <span class='ocrx_word' id='word_1_227' title='bbox 700 3625 821 3688; x_wconf 87' lang='lat' dir='ltr'>servatis,</span> <span class='ocrx_word' id='word_1_228' title='bbox 841 3641 909 3693; x_wconf 89' lang='lat' dir='ltr'>quae</span> <span class='ocrx_word' id='word_1_229' title='bbox 922 3622 1082 3691; x_wconf 91' lang='lat' dir='ltr'>Neptunum</span> <span class='ocrx_word' id='word_1_230' title='bbox 1095 3628 1123 3673; x_wconf 92' lang='lat' dir='ltr'>et</span> <span class='ocrx_word' id='word_1_231' title='bbox 1134 3621 1309 3690; x_wconf 87' lang='lat' dir='ltr'>Amymonen</span> 
     </span>
     <span class='ocr_line' id='line_1_32' title="bbox 181 3705 1375 3783; baseline -0.005 -20"><span class='ocrx_word' id='word_1_232' title='bbox 181 3712 429 3782; x_wconf 88' lang='lat' dir='ltr'>repraesentabant,</span> <span class='ocrx_word' id='word_1_233' title='bbox 450 3710 527 3763; x_wconf 90' lang='lat' dir='ltr'>aliter</span> <span class='ocrx_word' id='word_1_234' title='bbox 545 3716 624 3779; x_wconf 89' lang='lat' dir='ltr'>atque</span> <span class='ocrx_word' id='word_1_235' title='bbox 643 3710 742 3762; x_wconf 84' lang='lat' dir='ltr'>amoris</span> <span class='ocrx_word' id='word_1_236' title='bbox 762 3711 864 3763; x_wconf 90' lang='lat' dir='ltr'>donum</span> <span class='ocrx_word' id='word_1_237' title='bbox 882 3707 1070 3777; x_wconf 86' lang='lat' dir='ltr'>accipiendum</span> <span class='ocrx_word' id='word_1_238' title='bbox 1094 3705 1137 3759; x_wconf 91' lang='lat' dir='ltr'>sit.</span> <span class='ocrx_word' id='word_1_239' title='bbox 1164 3707 1198 3758; x_wconf 87' lang='lat' dir='ltr'>cf.</span> <span class='ocrx_word' id='word_1_240' title='bbox 1220 3705 1251 3758; x_wconf 88' lang='lat' dir='ltr'>C.</span> <span class='ocrx_word' id='word_1_241' title='bbox 1272 3707 1308 3759; x_wconf 89' lang='lat' dir='ltr'>R.</span> <span class='ocrx_word' id='word_1_242' title='bbox 1335 3709 1375 3783; x_wconf 43' lang='grc' dir='ltr'><strong><em>Ἰ</em></strong></span> 
     </span>
    </p>
   </div>
   <div class='ocr_carea' id='block_1_6' title="bbox 184 3799 1309 3952">
    <p class='ocr_par' dir='ltr' id='par_1_9' title="bbox 184 3799 1309 3952">
     <span class='ocr_line' id='line_1_33' title="bbox 184 3799 371 3850; baseline -0.005 -2"><span class='ocrx_word' id='word_1_243' title='bbox 184 3800 248 3850; x_wconf 80' lang='grc'>1864</span> <span class='ocrx_word' id='word_1_244' title='bbox 287 3799 371 3850; x_wconf 79' lang='grc'><strong>.216.</strong></span> 
     </span>
     <span class='ocr_line' id='line_1_34' title="bbox 251 3816 1309 3952; baseline -0.005 -16"><span class='ocrx_word' id='word_1_245' title='bbox 251 3816 307 3949; x_wconf 68' lang='lat' dir='ltr'>lib)</span> <span class='ocrx_word' id='word_1_246' title='bbox 329 3883 371 3936; x_wconf 84' lang='lat' dir='ltr'>cf.</span> <span class='ocrx_word' id='word_1_247' title='bbox 398 3901 421 3936; x_wconf 88' lang='lat' dir='ltr'>a.</span> <span class='ocrx_word' id='word_1_248' title='bbox 448 3901 473 3936; x_wconf 90' lang='lat' dir='ltr'>v.</span> <span class='ocrx_word' id='word_1_249' title='bbox 500 3882 538 3935; x_wconf 91' lang='grc' dir='ltr'>ΙΙ.</span> <span class='ocrx_word' id='word_1_250' title='bbox 566 3885 622 3934; x_wconf 79' lang='grc'><strong>146.</strong></span> <span class='ocrx_word' id='word_1_251' title='bbox 640 3885 713 3947; x_wconf 77' lang='grc'><strong>147.,</strong></span> <span class='ocrx_word' id='word_1_252' title='bbox 739 3858 876 3952; x_wconf 34' lang='grc' dir='ltr'><strong>ιὼὶιᾳυίῐι</strong></span> <span class='ocrx_word' id='word_1_253' title='bbox 894 3881 934 3934; x_wconf 86' lang='lat' dir='ltr'>vir</span> <span class='ocrx_word' id='word_1_254' title='bbox 952 3881 1054 3935; x_wconf 88' lang='lat' dir='ltr'>eisdem</span> <span class='ocrx_word' id='word_1_255' title='bbox 1073 3878 1209 3932; x_wconf 89' lang='lat' dir='ltr'>attributis</span> <span class='ocrx_word' id='word_1_256' title='bbox 1228 3895 1309 3948; x_wconf 87' lang='lat' dir='ltr'>prae-</span> 
     </span>
    </p>
   </div>
   <div class='ocr_carea' id='block_1_7' title="bbox 180 3967 1309 4125">
    <p class='ocr_par' dir='ltr' id='par_1_10' title="bbox 180 3967 1309 4125">
     <span class='ocr_line' id='line_1_35' title="bbox 180 3967 1309 4035; baseline -0.005 -12"><span class='ocrx_word' id='word_1_257' title='bbox 180 3970 262 4033; x_wconf 89' lang='lat' dir='ltr'>ditus,</span> <span class='ocrx_word' id='word_1_258' title='bbox 283 3970 311 4022; x_wconf 92' lang='lat' dir='ltr'>in</span> <span class='ocrx_word' id='word_1_259' title='bbox 330 3969 396 4023; x_wconf 90' lang='lat' dir='ltr'>sella</span> <span class='ocrx_word' id='word_1_260' title='bbox 414 3969 519 4031; x_wconf 86' lang='lat' dir='ltr'>sedens,</span> <span class='ocrx_word' id='word_1_261' title='bbox 540 3968 645 4021; x_wconf 89' lang='lat' dir='ltr'>Nereus</span> <span class='ocrx_word' id='word_1_262' title='bbox 663 3969 706 4031; x_wconf 87' lang='lat' dir='ltr'>sit,</span> <span class='ocrx_word' id='word_1_263' title='bbox 728 3967 840 4021; x_wconf 89' lang='lat' dir='ltr'>dubium</span> <span class='ocrx_word' id='word_1_264' title='bbox 858 3986 916 4021; x_wconf 90' lang='lat' dir='ltr'>esse</span> <span class='ocrx_word' id='word_1_265' title='bbox 935 3968 1045 4020; x_wconf 89' lang='lat' dir='ltr'>omnino</span> <span class='ocrx_word' id='word_1_266' title='bbox 1059 3984 1114 4019; x_wconf 89' lang='lat' dir='ltr'>nou</span> <span class='ocrx_word' id='word_1_267' title='bbox 1127 3973 1225 4035; x_wconf 82' lang='lat' dir='ltr'>potest,</span> <span class='ocrx_word' id='word_1_268' title='bbox 1246 3983 1309 4019; x_wconf 89' lang='lat' dir='ltr'>cum</span> 
     </span>
     <span class='ocr_line' id='line_1_36' title="bbox 180 4054 569 4125; baseline -0.008 -16"><span class='ocrx_word' id='word_1_269' title='bbox 180 4056 237 4125; x_wconf 88' lang='lat' dir='ltr'>ipse</span> <span class='ocrx_word' id='word_1_270' title='bbox 256 4055 400 4125; x_wconf 88' lang='lat' dir='ltr'>Neptunus</span> <span class='ocrx_word' id='word_1_271' title='bbox 421 4060 469 4121; x_wconf 62' lang='lat' dir='ltr'>(a)</span> <span class='ocrx_word' id='word_1_272' title='bbox 491 4054 569 4108; x_wconf 89' lang='lat' dir='ltr'>adsit.</span> 
     </span>
    </p>
   </div>
   <div class='ocr_carea' id='block_1_8' title="bbox 0 0 1498 4912">
    <p class='ocr_par' dir='ltr' id='par_1_11' title="bbox 0 0 1498 4912">
     <span class='ocr_line' id='line_1_37' title="bbox 0 0 1498 4912; baseline 0 3"><span class='ocrx_word' id='word_1_273' title='bbox 0 0 1498 4912; x_wconf 95' lang='lat' dir='ltr'> </span> 
     </span>
    </p>
   </div>
  </div>
 </body>
</html>
