2986 4912
654 319 694 380 33

105 492 198 576 *U.),
223 491 332 575 colligi
353 491 429 553 inde
451 489 543 565 licet,
568 489 622 552 illo
645 499 787 571 tempore
811 489 948 571 pictores
972 488 1118 549 nondum
1147 490 1236 551 inci-

107 601 193 662 disse
214 599 249 661 in
271 620 405 675 novam,
437 619 535 681 quam
557 618 655 679 supra
677 595 901 679 cognovimus,
927 595 978 657 dei
1000 595 1139 679 figuram
1162 618 1237 681 spe-

107 708 264 790 ciemque.
303 708 347 769 At
369 728 421 768 eos
444 704 641 768 intellexisse
665 704 790 778 saltem,
815 703 874 766 deo
897 703 994 785 longe
1009 704 1145 786 pedibus
1161 728 1237 789 pro-

106 815 266 898 gredienti
294 815 447 876 leviorem
469 813 641 876 convenire
664 812 835 891 vestitum,
867 832 906 873 ex
929 811 974 901 eis
996 811 1108 895 figuris
1131 813 1238 896 pellu-

109 944 180 984 cere
203 923 347 997 videtur,
378 943 459 1004 quae
483 920 574 1004 pallii
596 919 666 981 loco
689 919 1016 992 amiculumtunicae
1039 922 1238 1003 superiniec-

108 1041 179 1092 tum
208 1030 383 1092 ostendunt
419 1030 481 1110 (W.
514 1030 588 1109 Χ.).
636 1028 702 1094 Qui
730 1028 859 1090 habitus
888 1027 969 1088 mihi
997 1027 1126 1110 quidem
1155 1030 1238 1094 inter

106 1137 244 1221 longum
265 1138 459 1220 brevemque
482 1137 637 1199 vestitum
661 1137 696 1197 in
719 1136 836 1211 medio,
861 1145 897 1197 ut
912 1136 957 1197 ita
972 1135 1088 1211 dicam,
1112 1140 1238 1221 positus

108 1266 178 1307 esse
206 1245 350 1321 videtur,
387 1245 473 1307 unde
504 1244 741 1326 conspiciatur,
777 1265 844 1304 non
871 1253 1003 1325 repente
1032 1245 1089 1306 sed
1118 1248 1238 1310 sensim

107 1353 278 1415 transitum
307 1354 347 1415 ad
373 1338 484 1416 breves
512 1363 617 1415 vestes
639 1350 760 1413 fartum
784 1372 863 1413 esse.
911 1350 980 1412 Iam
1002 1373 1076 1413 vero
1100 1375 1174 1416 cum
1196 1378 1238 1420 ne

74 1473 77 1477 '
108 1459 165 1522 has
196 1461 326 1542 quidem
353 1461 393 1522 ab
423 1460 479 1522 illo
510 1460 706 1543 picturarum
731 1477 849 1539 genere
872 1479 1001 1541 prorsus
1024 1459 1145 1524 alienas
1168 1484 1237 1526 esse

109 1567 210 1630 tribus
235 1569 470 1630 demonstretur
492 1566 648 1650 exemplis
677 1566 725 1648 (E
752 1565 784 1628 S.
809 1564 908 1648 AA.),
935 1587 1070 1649 quorum
1086 1570 1172 1632 tertii
1187 1593 1237 1635 ars

110 1685 204 1757 atque
227 1675 398 1737 delineatio
422 1676 462 1737 ad
483 1675 602 1758 figuras
625 1674 721 1736 rubro
745 1673 849 1735 colore
868 1673 970 1756 pictas
985 1676 1130 1758 proxime
1145 1700 1237 1743 acce-

109 1781 173 1857 dat,
199 1784 407 1864 consequitur
427 1783 514 1857 inde,
539 1793 576 1844 ut
597 1783 729 1866 figurae,
755 1781 873 1864 quibus
895 1782 1032 1844 vestium
1053 1784 1236 1849 breviorum

109 1872 205 1952 causa
234 1892 411 1953 secundum
440 1891 644 1953 attribuimus
674 1890 836 1964 ordinem,
869 1911 906 1951 eo
929 1900 1073 1974 tempore
1096 1893 1161 1956 sint
1183 1894 1236 1956 in-

108 2007 240 2072 ventae,
269 2020 331 2081 quo
354 2000 491 2081 pictores
514 1999 631 2060 vasarii
652 2019 719 2060 non
741 1999 837 2060 modo
860 1997 960 2081 nigris
985 2000 1042 2061 sed
1064 2000 1160 2062 etiam
1182 2024 1237 2063 rn-

107 2106 172 2169 bris
202 2106 314 2189 figuris
344 2106 457 2168 eodem
479 2116 622 2189 tempore
644 2127 719 2168 vasa
740 2106 944 2168 decorabant.
989 2106 1096 2188 Atque
1120 2110 1233 2172 eodem

54 2204 59 2209 ¹
107 2213 174 2277 fere
210 2224 352 2297 tempore
386 2213 498 2297 figuris
532 2212 730 2275 sollemniter
763 2214 885 2276 vestitis
919 2214 1059 2277 crinium
1090 2216 1236 2279 brevium

13 2378 19 2391 ,
70 2338 76 2349 ·
108 2320 256 2384 habiturn
278 2343 344 2384 non
367 2332 485 2384 temere
508 2343 577 2384 esse
596 2321 753 2395 additum,
777 2322 842 2384 iam
856 2321 1054 2384 luculentius
1071 2324 1238 2407 apparebit

59 2428 73 2493 .’
109 2450 204 2511 quam
228 2440 331 2493 antea.

193 2645 344 2709 Relicum
374 2656 440 2721 est,
475 2655 512 2707 ut
540 2644 724 2720 videamus,
761 2644 871 2727 quales
894 2646 960 2708 sint
982 2644 1123 2725 figurae,
1156 2670 1235 2730 quas

109 2754 259 2817 tertius
283 2752 507 2836 complectitur
529 2753 638 2814 ordo.
696 2753 744 2813 Ac
766 2754 870 2815 nudas
893 2753 1024 2834 quidem
1054 2753 1105 2816 vel
1135 2755 1238 2819 obiter

112 2861 240 2923 amictas
269 2861 334 2923 huc
363 2860 541 2944 pertinere,
574 2869 668 2921 antea
691 2860 813 2922 dictum
836 2870 895 2922 est.
944 2860 1089 2925 Quarum
1111 2863 1152 2924 ad
1174 2864 1237 2925 cri-

106 2952 200 3031 'num
221 2968 368 3055 habitum
392 2968 420 3030 si
441 2968 643 3051 respicimus,
668 2978 813 3031 vetustae
835 2967 969 3050 prolixis
996 2968 1067 3049 (V.;
1091 2966 1148 3032 Ὗ.
1174 2970 1232 3032 Ὗ.

117 3074 171 3139 ’2.
195 3076 314 3161 *AA.),
339 3076 550 3151 recentiores,
583 3098 601 3139 a
628 3075 745 3158 quibus
774 3098 815 3138 ne
845 3074 994 3158 crobylus
1017 3074 1147 3156 quidem
1176 3074 1231 3153 (a.)

111 3182 232 3248 alienus
263 3195 327 3261 est,
358 3184 510 3247 brevibus
539 3184 700 3267 praeditae
725 3194 802 3246 sunt
824 3182 949 3266 capillis
978 3182 1017 3264 (o.
1044 3206 1075 3265 q.
1100 3184 1155 3265 r),
1180 3181 1237 3264 qui

107 3303 163 3357 aut
191 3294 280 3357 omni
302 3303 417 3355 ornatu
439 3302 549 3354 carent
576 3292 625 3373 (V.
651 3295 710 3375 o),
741 3301 798 3354 aut
820 3291 911 3354 tenui
934 3288 1034 3353 fascia
1054 3288 1129 3371 [00.
1149 3288 1235 3365 *Z.;

29 3480 32 3485 Ι
105 3422 132 3463 r.
157 3422 186 3463 z.
201 3401 269 3485 *kq
299 3410 354 3463 aut
376 3421 499 3463 corona.
522 3399 561 3483 (q.
587 3423 619 3483 p.
634 3398 694 3483 *ll
724 3399 942 3461 continentur.

193 3508 405 3571 Manifestum
438 3518 505 3582 est,
539 3507 637 3571 huius
671 3506 791 3569 ordinis
821 3506 940 3589 figuras
972 3505 1085 3567 eodem
1115 3504 1234 3579 studio,

104 3616 311 3698 quodmodo
334 3616 548 3692 laudavimus,
573 3636 642 3678 esse
665 3614 835 3690 inventas,
860 3624 896 3676 ut
917 3613 970 3677 dei
994 3613 1043 3675 vis
1065 3622 1237 3693 motusque

104 3724 259 3787 membris
293 3724 362 3786 eius
395 3723 496 3786 libere
530 3723 674 3806 agitatis
688 3723 809 3807 optime
838 3721 1065 3805 conspiciatur.
1115 3720 1237 3781 Omnes

105 3832 194 3895 enim
216 3832 360 3915 picturae
375 3832 439 3894 huc
463 3841 646 3914 spectantes
663 3852 748 3905 cum,
774 3834 824 3893 nt'
833 3830 953 3893 ordinis
968 3829 1065 3891 modo
1083 3827 1235 3910 descripti

105 3938 275 4023 imagines,
311 3950 367 4000 aut
397 3938 571 4020 l’olybotac
603 3960 746 4023 pugnam
775 3936 1071 4020 (00.‚*V.-*lrtr.
1102 3938 1142 4017 z.)
1183 3946 1239 3997 aut

13 4114 17 4121 ,
104 4045 251 4109 mulieris
279 4050 318 4127 (o,
343 4069 376 4130 p.
402 4069 432 4128 q.
458 4046 514 4107 *ln
542 4045 586 4106 *l
612 4048 685 4127 *ml
713 4048 880 4109 iuvenisve
909 4046 963 4128 (r)
992 4041 1238 4106 insectationem

14 4218 18 4225 ,
107 4155 281 4237 praebeant
309 4153 453 4237 (quarum
483 4153 668 4236 posterioris
698 4154 823 4233 generis
855 4175 874 4213 a
896 4152 981 4214 vasis
1004 4148 1237 4229 antiquissimi:

95 4280 237 4343 aprorsus
260 4261 358 4325 alieni
383 4261 490 4323 locum
513 4260 622 4343 explet
637 4261 811 4344 Neptunus
832 4260 902 4343 (V.)
924 4259 964 4321 ad
986 4256 1130 4318 Tritonis
1153 4276 1238 4338 pug-

1014 4376 1029 4426 3
