2986 4912
595 366 623 377 χ,
722 305 762 366 47

181 475 345 539 recondita
373 486 440 552 est,
471 485 508 537 ut
537 497 608 539 eam
635 475 837 558 interpretari
865 475 921 538 vix
946 476 1119 558 possimus.
1166 475 1249 537 Nam
1281 476 1308 539 si

183 585 447 660 concederemus,
486 605 555 646 eam
575 592 718 667 propter
745 568 898 666 hydriam
920 606 950 651 a,
967 593 1057 667 tergo
1086 583 1147 645 viri
1176 584 1212 646 in
1239 585 1308 646 basi

182 691 366 754 collocatam
395 692 437 754 ad
469 691 664 775 Amymones
694 690 836 754 fabulam
872 712 942 755 esse
976 691 1194 767 referendam,
1230 691 1309 774 quid

181 820 256 861 vero
278 800 432 883 Neptuno
454 798 561 862 baculi
583 800 773 883 prodessent
795 799 835 863 ad
857 799 979 863 fontem
1002 797 1232 884 aperiendum?

267 909 317 970 De
347 907 445 972 altera
467 909 592 992 pictura
620 906 677 991 (9.)
706 929 773 971 non
801 910 890 991 prius
915 908 1037 992 aliquid
1058 917 1197 972 statuere
1219 907 1306 984 licet,

182 1038 279 1097 quam
307 1015 419 1099 paullo
432 1022 437 1029 '
451 1015 547 1079 altius
577 1025 759 1097 repetentes
788 1017 827 1078 de
856 1015 955 1100 piscis
979 1018 1131 1080 attributo
1152 1015 1310 1079 nonnulla

183 1124 401 1206 exposuimus.
441 1124 537 1190 Quod
560 1144 617 1185 cur
639 1123 793 1207 Neptuno
816 1125 1021 1208 potissimum
1043 1125 1214 1200 tribuatur,
1239 1145 1309 1185 om-

180 1231 278 1293 nibus
306 1241 414 1314 patet,
445 1253 520 1292 cum
549 1231 605 1293 vix
626 1232 829 1308 inveniatur,
862 1253 925 1314 quo
957 1233 1026 1295 eius
1057 1233 1103 1295 vis
1133 1242 1165 1294 et
1194 1241 1309 1295 natura
1386 1243 1388 1246 ’

181 1337 297 1401 melius
330 1340 518 1421 designetur
527 1341 591 1423 ¹⁰⁰).
639 1339 748 1405 Quare
782 1339 888 1402 solum
921 1341 1017 1423 piscis
1051 1339 1242 1402 attributum
1273 1341 1309 1402 in

181 1447 316 1529 picturis
345 1446 396 1527 (U.
411 1446 476 1508 1Ο.
491 1446 588 1508 *DD.
614 1468 657 1508 m.
683 1449 721 1531 s.)
760 1448 802 1510 ad
824 1448 1017 1531 Neptunum
1058 1448 1308 1531 significandum

181 1554 258 1616 satis
281 1555 393 1618 valuit.
435 1554 626 1638 Saepissime
648 1576 723 1618 vero
744 1555 918 1618 tridentem
940 1544 1104 1639 praeterea
1126 1577 1195 1618 esse
1217 1556 1309 1618 addi-

181 1672 251 1724 tum
273 1684 339 1724 non
362 1662 468 1726 solum
489 1664 634 1746 picturae
650 1673 682 1724 et
695 1663 797 1746 nigris
818 1663 859 1744 (N
864 1712 870 1724 .
888 1663 929 1726 R.
947 1664 1011 1726 FF.
1030 1662 1128 1738 GG.;
1147 1662 1207 1725 *R
1227 1663 1302 1747 *11)

182 1779 214 1832 et
241 1771 344 1834 rubris
379 1770 416 1853 (a.
448 1771 481 1833 b.
511 1771 544 1832 d.
576 1792 604 1832 e.
629 1769 653 1831 f.
678 1793 711 1853 g.
736 1770 769 1831 h.
795 1773 855 1854 aa.)
883 1771 995 1855 figuris
1026 1771 1223 1854 compositae
1252 1772 1308 1833 sed

181 1879 278 1940 etiam
310 1877 493 1963 anaglypha
527 1877 568 1959 (2.
588 1880 629 1962 1.)
668 1878 899 1941 demonstrant.
959 1879 1032 1945 Qua
1063 1878 1099 1940 in
1132 1900 1166 1940 re
1195 1887 1309 1942 notatu

182 1986 318 2070 dignum
345 2008 414 2050 esse
443 1986 588 2062 videtur,
620 1994 793 2069 utrumque
822 1987 1013 2050 attributum
1042 1987 1077 2048 in
1099 1987 1233 2069 picturis
1256 2007 1309 2050 eas

182 2103 309 2156 tautum
330 2095 450 2178 figuras
473 2092 570 2156 simul
591 2113 712 2177 gerere,
738 2115 817 2177 quas
840 2095 905 2157 iam
927 2115 1025 2177 supra
1047 2093 1162 2167 artiore
1177 2093 1308 2157 vinculo

182 2202 267 2264 inter
298 2223 331 2263 se
354 2203 513 2266 contineri
536 2201 727 2277 viderimus;
759 2202 831 2265 illas
855 2201 943 2278 dico,
977 2223 1058 2284 quae
1080 2202 1190 2265 tunica
1212 2201 1310 2285 longa

184 2308 345 2391 pallioque
377 2309 511 2374 indutae
545 2311 695 2392 sunt¹⁰¹l.
750 2309 838 2372 Talis
872 2310 1098 2374 attributorum
1134 2309 1309 2373 cumulatio
1358 2328 1361 2349 ·

183 2437 257 2478 cum
286 2419 327 2480 ad
355 2418 493 2480 vestium
514 2415 662 2479 habitum
682 2417 793 2479 nescio
817 2439 874 2480 cur
895 2417 1017 2500 aliquid
1040 2417 1179 2481 valuisse
1199 2418 1310 2480 videa-

183 2535 247 2600 tur,
273 2547 340 2588 non
362 2526 488 2602 dubit0,
514 2525 594 2608 quin
616 2525 737 2608 figurae
759 2526 795 2588 in
817 2526 902 2589 vasis
925 2525 1056 2590 ineditis
1080 2534 1243 2600 extantes,
1270 2527 1310 2588 de

185 2634 303 2716 quibus
333 2644 458 2717 praeter
484 2632 607 2715 piscem
629 2642 661 2695 et
682 2633 854 2696 tridentem
876 2633 959 2696 nihil
980 2633 1117 2696 traditur
1144 2632 1212 2714 (Ὗ.
1238 2631 1306 2693 *H.

184 2741 246 2803 *L.
267 2741 323 2804 *S.
345 2741 398 2805 *a
418 2739 503 2827 *b.),
546 2740 659 2802 eodem
698 2741 837 2804 vestium
878 2741 992 2804 habitu
1029 2741 1191 2825 praeditae
1232 2741 1308 2803 siut.

185 2851 291 2916 Quam
312 2849 365 2912 hic
387 2848 492 2934 legem
514 2851 677 2934 proposui,
702 2851 747 2914 ita
769 2849 908 2934 accipias
930 2847 1039 2925 velim,
1065 2858 1102 2911 ut
1123 2849 1244 2934 figurae
1260 2847 1312 2910 vel

185 2959 291 3020 nudae
315 2957 365 3020 vel
389 2957 476 3020 brevi
497 2967 586 3021 veste
608 2959 743 3022 amictae
766 2967 798 3020 et
819 2957 908 3041 pisce
930 2965 963 3018 et
982 2957 1121 3019 tridente
1136 2956 1311 3019 instructae

184 3066 324 3130 inveniri
352 3086 419 3126 non
441 3067 568 3149 possint
589 3067 653 3129 nisi
675 3066 709 3128 in
732 3065 924 3149 anaglyphis
952 3063 1010 3149 (2.)
1039 3075 1071 3127 et
1092 3064 1227 3146 picturis
1250 3085 1307 3126 ru-

183 3175 257 3237 bras
286 3174 405 3257 figuras
433 3175 673 3256 praebentibus.
720 3174 760 3235 In
787 3173 904 3256 quibus
934 3173 995 3235 hoc
1018 3171 1209 3235 attributum
1232 3171 1312 3253 quid

184 3291 347 3364 praeterea
368 3279 498 3357 valeret,
524 3282 646 3364 primus
663 3281 743 3343 vidit
759 3279 958 3343 Gerhardius
971 3281 1034 3363 112).
1073 3279 1201 3341 Amoris
1224 3280 1312 3342 enim

184 3390 321 3474 pignora
354 3410 422 3451 esse
456 3410 529 3451 curu
563 3389 668 3473 pisces
697 3399 768 3452 tum
798 3409 872 3450 vero
904 3387 1073 3471 delphines
1096 3396 1133 3449 ut
1153 3386 1256 3470 gallos
1280 3399 1311 3449 et

185 3497 363 3571 columbas,
389 3517 429 3558 ex
451 3495 562 3560 multis
584 3495 741 3580 exemplis
764 3494 873 3579 colligi
895 3494 971 3558 licet
999 3493 1036 3575 (e.
1062 3516 1094 3578 g.
1120 3514 1164 3555 m.
1182 3516 1231 3570 r.;
1256 3493 1309 3557 *a

186 3605 239 3667 *o.
265 3603 412 3688 1ρ.)111).
459 3605 508 3666 De
536 3603 599 3667 hoc
627 3625 700 3668 vero
730 3602 916 3687 significatu
944 3623 1011 3664 non
1039 3602 1128 3684 prius
1156 3623 1253 3683 quam
1280 3603 1313 3664 in
1426 3602 1429 3611 '

258 3743 314 3804 1111))
335 3741 369 3793 cf.
390 3739 422 3792 0.
442 3740 477 3792 R.
500 3743 563 3793 1863
582 3758 609 3811 p.
629 3743 688 3793 316.

185 3819 192 3832 ’
256 3829 313 3890 tol)
334 3826 377 3879 Ne
389 3826 449 3895 quis
461 3825 525 3879 mihi
544 3827 650 3881 obicere
662 3826 726 3882 velit
737 3827 870 3898 picturam
888 3844 904 3878 a
917 3824 1044 3878 Panofka
1056 3824 1157 3879 editam
1172 3827 1228 3890 (zur
1240 3821 1311 3877 erkl.

187 3911 213 3965 d.
233 3911 276 3964 Pl.
296 3911 342 3964 erl.
363 3911 411 3964 tal.
433 3923 465 3964 n⁰
481 3915 515 3978 1),
536 3912 583 3965 ubi
599 3913 722 3982 Neptuni
742 3914 855 3983 figuram
874 3930 889 3965 a
908 3929 936 3964 se
950 3910 1087 3966 inventam
1103 3911 1164 3978 (nisi
1181 3911 1253 3980 pisce
1268 3928 1316 3964 ex-

186 4005 264 4068 cepto
284 3999 442 4068 deprompta
459 4006 501 4052 est
519 4016 552 4051 ex
569 4015 594 4050 a.
614 4016 638 4053 v.
659 4000 682 4052 Ι.
703 4002 756 4065 48.)
778 3998 936 4053 coniectura
953 3997 1059 4052 addidit
1076 3999 1115 4052 vir
1133 3997 1237 4050 doctus.

261 4087 314 4148 1112)
336 4103 361 4137 a.
382 4102 406 4138 v.
428 4084 449 4136 Ι.
471 4101 498 4154 p.
519 4087 568 4148 473
599 4084 634 4136 cs.
655 4085 687 4137 0.
707 4087 742 4138 R.
767 4088 832 4138 1864
850 4102 876 4154 p.
898 4087 961 4149 2163
981 4084 1123 4146 Panolka,
1144 4082 1250 4150 eigeun.
1278 4100 1312 4136 m.

187 4169 263 4229 καλός
286 4171 358 4235 (abb.
379 4170 406 4223 d.
420 4170 448 4223 b.
463 4187 502 4223 ac.
521 4171 594 4234 1819)
615 4187 640 4239 p.
663 4173 706 4233 56;
729 4171 762 4223 de
781 4169 876 4232 Witte,
899 4187 979 4222 nour.
1000 4188 1064 4223 ann.
1086 4170 1108 4221 1.
1129 4182 1161 4238 p(
1177 4171 1209 4221 89
1229 4187 1287 4239 sqq.

259 4258 314 4319 1113)
336 4256 410 4310 Addi
428 4255 492 4309 licet
510 4273 533 4308 a.
556 4274 580 4308 v.
600 4256 623 4307 l.
644 4259 684 4307 65.
710 4260 732 4307 l.
