2986 4912
729 268 769 332 32

191 440 223 523 (t.
249 440 310 524 *xj
339 439 532 517 adnumero,
556 442 717 526 praeditae
740 450 827 504 sunt.
874 441 980 526 Caput
1002 441 1191 526 plerumque
1214 439 1313 506 fascia

193 548 273 630 (Ax.
298 572 332 612 u.
357 573 389 612 v.
413 560 460 626 t.;
485 549 556 633 *n.)
591 549 690 612 semel
713 571 832 612 corona
859 549 898 633 (y.
923 532 992 635 ni)⁴
1012 570 1160 614 ornatum
1190 573 1256 614 una
1277 552 1312 619 in

185 657 311 739 pictura
338 658 439 741 nigris
470 658 583 741 figuris
614 659 792 741 composita
825 657 891 743 (Ε.)
930 660 1019 722 omni
1052 660 1164 722 decore
1198 659 1314 721 orbum

188 766 394 848 conspicitur.

271 873 340 936 Iam
369 874 397 936 si
424 874 625 956 quaerimus,
656 883 815 955 quatenus
837 875 952 937 harum
974 876 1152 959 imaginum
1175 875 1313 958 pictores

186 990 335 1064 optumae
357 980 505 1064 Neptuni
527 982 657 1064 speciei,
682 1004 778 1064 quam
800 993 908 1046 mente
931 982 1194 1066 complectimur,
1218 981 1313 1044 satis-

185 1086 330 1163 fecerint,
355 1110 472 1172 negare
495 1111 561 1151 non
584 1112 767 1172 possumus,
792 1112 913 1152 novum
934 1070 989 1154 dei
1010 1091 1157 1154 habitum
1172 1089 1310 1164 muneri,

186 1216 250 1278 quo
272 1195 444 1277 fungatur,
469 1199 703 1278 quodammodo
726 1199 968 1261 accomodatum
991 1220 1072 1261 esse.
1120 1198 1200 1264 Quis
1224 1198 1312 1260 enim

160 1305 281 1366 maris
310 1305 408 1366 deum
434 1305 621 1388 gravissime
649 1303 720 1367 fere
745 1326 870 1389 semper
897 1307 1050 1369 commoti
1078 1306 1184 1390 longis
1213 1305 1312 1368 vesti·
1347 1380 1358 1396 .

185 1412 302 1474 mentis
325 1412 476 1475 indutum
497 1422 605 1476 mente
628 1411 808 1496 concipiat?
845 1414 926 1480 Quis
949 1435 1017 1475 non
1038 1415 1144 1490 videt,
1175 1412 1233 1475 tali
1254 1434 1311 1474 ve-

187 1520 266 1582 stitu
296 1520 348 1582 vel
369 1521 508 1583 maxime
531 1520 680 1583 effectum
703 1542 780 1600 esse,
808 1530 844 1582 ut
866 1521 1014 1604 Neptuni
1036 1522 1139 1605 figura
1161 1523 1202 1584 ad
1224 1520 1309 1583 Iovis

186 1638 356 1711 augustam
378 1629 518 1712 speciem
539 1630 684 1712 proxime
707 1627 857 1692 accedat?
893 1630 1011 1711 Liquet
1032 1630 1146 1713 igitur,
1171 1651 1239 1691 non
1261 1637 1312 1690 te-

184 1757 271 1798 mere
297 1736 333 1798 11
362 1758 481 1799 novam
509 1737 562 1798 dei
590 1738 726 1820 figuram
755 1737 907 1800 incidisse
929 1738 1078 1821 pictores.
1125 1737 1199 1802 Qua
1220 1735 1255 1796 in
1277 1756 1311 1796 re

184 1842 245 1904 hoc
274 1865 340 1904 non
369 1844 607 1928 neglegendum
636 1866 706 1908 esse
734 1844 878 1915 videtur,
910 1847 997 1927 quod
1019 1867 1130 1908 omnes
1152 1843 1310 1926 imagines

183 1950 248 2012 huc
270 1961 451 2042 spectantes
474 1954 570 2015 deum
590 1953 687 2036 longe
710 1953 846 2034 pedibus
868 1953 1126 2035 progredientem
1142 1952 1307 2015 exhibent.

184 2059 556 2143 Quarumpicturarum
585 2062 649 2123 duo
679 2069 755 2122 sunt
782 2081 919 2143 genera3
949 2082 1021 2142 pars
1051 2060 1137 2121 enim
1159 2058 1311 2134 mulieres

183 2167 395 2231 insectantem
430 2167 472 2250 (n.
504 2167 562 2229 *n.
588 2168 673 2252 *0.),
704 2189 777 2250 pars
805 2165 986 2249 Polyboten
1014 2189 1090 2229 saxo
1121 2144 1310 2252 obruentein

183 2295 263 2347 eum,
288 2277 464 2339 ostendunt
497 2274 539 2356 (u.
569 2297 601 2337 v.
626 2285 650 2338 t.
676 2297 707 2357 y.
733 2274 789 2357 *q.
814 2272 863 2335 *r.
890 2274 991 2358 Ax).
1040 2276 1130 2340 Quae
1161 2297 1235 2337 cum
1265 2275 1311 2338 ita

183 2383 259 2458 sint,
284 2384 337 2446 dei
358 2385 406 2447 vis
428 2393 599 2470 motusque
622 2384 662 2445 ad
683 2404 804 2445 novum
826 2391 859 2444 et
880 2382 1019 2445 crinium
1042 2393 1073 2445 et
1095 2384 1233 2446 vestium
1249 2383 1309 2445 ha-

181 2491 286 2554 bitum
307 2491 551 2567 inveniendum,
576 2491 695 2574 quippe
718 2491 775 2572 qui
797 2490 1026 2573 expeditiorem
1048 2492 1160 2573 reddat
1174 2513 1309 2574 propere

184 2608 383 2674 currentem,
419 2621 485 2662 non
518 2598 665 2683 paullum
695 2597 837 2669 ,valuisse
871 2598 1008 2660 videtur.
1066 2599 1162 2665 Quod
1195 2599 1224 2661 si
1256 2599 1309 2662 oui

183 2707 290 2769 minus
319 2707 489 2789 probetur,
522 2708 601 2788 quid
630 2707 689 2781 sit,
721 2727 856 2788 quaero,
890 2727 947 2768 cur
968 2705 1115 2788 Neptuni
1138 2707 1252 2770 stantis
1276 2717 1308 2770 et

183 2814 285 2876 otiose
318 2816 455 2877 tridente
486 2815 592 2877 innixi
624 2816 760 2898 figuram
792 2813 942 2883 brevibus
980 2815 1127 2876 indutam
1163 2815 1307 2878 vestibus

183 2942 344 3004 nusquam
365 2921 580 3005 reperiamus?

203 3032 207 3044 '
267 3031 311 3092 At
337 3051 430 3104 vero,
466 3031 551 3093 dicat
579 3029 757 3113 quispiam,
794 3029 872 3110 quid
901 3029 1008 3113 longis
1031 3029 1233 3093 vestimentis
1256 3029 1309 3093 dei
1374 3096 1378 3103 ,

182 3138 247 3199 vim
269 3143 456 3220 motumque
478 3138 636 3221 impediri,
649 3137 740 3212 dicis,
765 3158 840 3198 cum
861 3137 897 3199 in
912 3146 1064 3221 promptu
1080 3138 1146 3200 sint
1161 3137 1309 3222 exempla

188 3243 251 3325 (W.
276 3246 321 3307 X.
346 3244 530 3322 *R-*U.;
555 3246 577 3307 1.
595 3269 639 3309 m.
658 3247 720 3328 x),
745 3265 826 3326 quae
847 3245 909 3308 tibi
922 3243 1091 3308 manifeste
1106 3246 1308 3328 repugnent?

182 3351 225 3414 Et
252 3352 396 3435 profecto
424 3375 603 3437 repugnare
632 3358 782 3421 videntur
811 3361 874 3415 tres
897 3353 1058 3435 picturae,
1091 3374 1172 3434 quae
1194 3354 1308 3417 rubras

181 3461 301 3544 figuras
328 3444 518 3536 ostendunt,
550 3463 591 3523 de
619 3462 736 3543 quibus
766 3460 828 3522 alio
851 3460 921 3523 loco
945 3462 1155 3537 disseremus;
1188 3462 1245 3524 sed
1267 3463 1307 3524 de

182 3569 311 3643 ceteris,
339 3589 427 3649 ¹quae
456 3570 562 3652 nigras
592 3569 764 3652 praebent,
795 3569 873 3651 quid
901 3569 943 3631 sit
963 3569 1186 3643 statuendum,
1218 3567 1307 3630 illico

182 3676 358 3738 videamus.

267 3784 441 3847 Rarissime
463 3786 500 3848 fit
521 3785 556 3847 iu
578 3784 774 3867 imaginibus
797 3784 890 3867 nigro
914 3782 1018 3846 colore
1034 3783 1128 3866 pictis
1145 3784 1190 3845 eis
1207 3783 1306 3846 omis-

180 3891 239 3966 sis,
271 3913 353 3974 quae
380 3914 523 3977 pugnam
553 3914 627 3955 cum
650 3891 807 3975 Polybota
836 3890 1040 3974 commissam
1066 3892 1239 3974 praebent,
1270 3902 1308 3953 ut

180 3999 355 4082 Neptunus
385 4000 491 4082 quiete
519 4001 654 4062 astantis
677 4000 744 4062 sive
767 3999 907 4062 sedentis
930 3999 1071 4083 speciem
1093 3998 1253 4080 relinquat
1275 4007 1308 4062 et

180 4107 318 4186 graviter
346 4117 525 4171 commotus
556 4107 648 4189 quasi
670 4107 795 4189 agentis
817 4115 922 4190 partes
946 4108 1112 4191 suscipiat.
1159 4107 1256 4173 Quod
1278 4106 1307 4168 si

180 4215 217 4274 tit
239 4216 298 4277 deo
321 4215 422 4278 nihilo
445 4216 553 4278 minus
576 4216 681 4298 longis
705 4216 821 4278 amicto
844 4215 1043 4277 vestimentis
1065 4214 1128 4295 (W.
1147 4215 1192 4275 X.
1204 4239 1213 4290 3
1238 4213 1302 4276 *T.
