2956 4906
267 1386 431 1502 ⁴Multum
454 1457 579 1519 semper
600 1435 702 1518 questi
720 1447 796 1498 sunt
811 1435 871 1497 viri
886 1435 982 1511 docti,
999 1435 1055 1518 qui
1073 1445 1146 1498 ante
1162 1448 1307 1501 nostrum

190 1555 316 1628 tempus
339 1545 389 1608 his
411 1546 506 1608 rebus
529 1567 658 1629 operam
687 1547 894 1629 studiumque
924 1557 1099 1622 navarunt,
1130 1548 1216 1629 quod
1244 1557 1309 1610 tam
1358 1602 1362 1610 ,

188 1674 291 1735 pauca
313 1663 516 1737 superessent
543 1653 711 1717 simulacra
740 1654 886 1737 Neptuni
896 1657 932 1737 ¹).
979 1633 1084 1720 Quae
1098 1654 1238 1736 pmfecto
1267 1677 1310 1718 ne

187 1760 283 1823 hodie
311 1761 459 1843 quidem,
490 1762 635 1842 quamvis
664 1761 765 1823 multa
793 1783 833 1824 ex
863 1761 971 1824 abdito
1000 1780 1091 1824 eruta
1113 1761 1196 1838 sint,
1227 1783 1309 1844 quae

186 1867 260 1930 illos
282 1867 464 1957 latuerupt,
489 1879 665 1931 ceterorum
687 1869 820 1933 deorum
841 1869 999 1951 imagines
1028 1890 1162 1931 numero
1191 1891 1309 1952 aequa-

185 1984 272 2037 runt.
319 1975 439 2038 Verum
462 1986 568 2038 tamen
591 1998 658 2038 nou
672 1978 907 2059 desperandum
922 1998 991 2040 esse
1009 1986 1100 2059 puto,
1118 1975 1187 2037 fieri
1201 1998 1306 2059 posse,

185 2091 223 2142 ut
245 2081 476 2157 constituatur,
502 2086 661 2164 quomodo
682 2085 829 2167 Neptuni
850 2085 954 2166 figura
982 2083 1058 2146 inde
1081 2083 1121 2147 ab
1150 2083 1308 2166 antiquis-

186 2189 275 2252 simis
303 2188 378 2252 artis
401 2191 597 2272 temporibus
620 2191 741 2254 sensim
763 2191 889 2255 exculta
911 2192 963 2254 sit.
1009 2192 1127 2253 Parum
1142 2189 1229 2252 enim
1251 2193 1308 2254 ad-

185 2291 249 2358 huc
271 2297 470 2379 exploratum
493 2319 561 2383 esse
584 2298 728 2374 arbitror,
752 2309 909 2382 quantum
931 2298 1141 2361 emolumenti
1161 2298 1203 2361 ad
1224 2297 1307 2360 hanc

184 2404 404 2485 quaestionem
425 2403 611 2466 solvendam
632 2407 726 2469 nobis
748 2407 882 2471 allatum
904 2407 947 2469 sit
976 2405 1060 2468 vasis
1082 2405 1175 2487 pictis
1198 2415 1306 2467 nostro

183 2511 313 2573 demum
334 2522 477 2594 tempore
499 2512 698 2595 frequentius
721 2513 865 2597 repertis.
913 2512 1040 2580 Quibus
1064 2513 1206 2594 undique
1229 2533 1306 2574 con-

181 2615 280 2697 gestis
310 2625 342 2678 et
370 2638 443 2679 cum
472 2621 583 2682 ceteris
607 2622 658 2684 dei
686 2621 883 2706 imaginibus
913 2629 1058 2682 accurate
1088 2618 1210 2683 collatis
1238 2642 1305 2681 non

182 2722 305 2798 dubito,
330 2725 409 2806 quin
431 2726 471 2787 ad
492 2720 747 2811 antiquissimam
770 2730 839 2792 eius
861 2729 1008 2810 figuram,
1034 2726 1087 2790 cui
1101 2726 1305 2807 potissimum

182 2828 286 2892 lucem
309 2831 418 2894 afferre
446 2834 539 2896 nobis
568 2837 812 2918 proposuimus,
843 2835 967 2897 fructus
997 2833 1113 2916 aliquis
1143 2833 1304 2896 redunda-

182 2945 271 2998 turus
294 2937 346 2999 sit.

265 3045 341 3107 Non
364 3046 554 3129 complectar
576 3050 637 3113 hoc
660 3060 802 3133 tempore
826 3049 968 3132 Neptuni
990 3048 1111 3130 figurae
1133 3047 1303 3130 fingendae

180 3149 371 3232 primordia,
397 3155 513 3236 quibus
537 3168 695 3240 quatenus
729 3157 840 3242 signa,
866 3177 947 3238 quae
977 3155 1142 3217 aniconica
1174 3162 1300 3230 vocant,

179 3260 426 3336 antecesserint,
449 3265 596 3343 paullum
618 3267 723 3329 adhuc
749 3265 936 3348 innotuit2).
982 3265 1093 3345 Itaque
1122 3261 1301 3324 accuratius

178 3362 245 3426 non
266 3364 426 3449 inquiram
448 3367 483 3428 in
505 3369 628 3450 priscae
651 3368 727 3430 artis
749 3377 969 3443 monumenta,
994 3388 1075 3450 quae
1097 3390 1116 3431 a
1138 3368 1301 3451 scriptori-

177 3470 239 3534 bus
270 3461 642 3550 obiter'describuntur,
674 3484 712 3536 ut
739 3475 806 3538 fere
835 3496 997 3557 nusquam
1026 3496 1107 3556 quae
1129 3474 1227 3537 fuerit
1249 3475 1301 3537 dei
1390 3476 1392 3481 ’

176 3577 279 3640 forma
308 3580 440 3644 eluceat.
494 3582 537 3644 Et
564 3603 723 3665 perpauca
753 3593 847 3662 sunt,
881 3604 961 3664 quae
992 3582 1033 3643 ad
1060 3591 1204 3644 nostram
1232 3602 1298 3642 rem

190 3842 193 3846 ’
247 3838 268 3902 1)
290 3836 332 3888 cf.
347 3811 441 3908 Meyer
458 3838 493 3891 ad
505 3837 670 3892 Winclrelm.
685 3839 732 3892 IV.
748 3857 773 3908 p.
790 3841 839 3890 324
851 3845 889 3891 nt.
905 3840 950 3890 291
970 3838 1026 3893 lDr.
1040 3839 1149 3906 Ausg.);
1164 3837 1296 3902 Visconti‚

175 3938 244 3973 mus.
265 3921 346 3975 chiar.
367 3941 392 3992 p.
414 3926 460 3989 953
482 3924 596 3988 Becker,
615 3924 686 3993 Aug.
708 3925 744 3977 II.
765 3941 791 3994 p.
814 3927 859 3990 133
881 3923 1029 3992 Boettiger,
1050 3925 1091 3978 Id.
1112 3943 1134 3976 a.
1154 3923 1191 3976 K.
1206 3942 1241 3976 m.
1257 3924 1294 3977 II.

174 4024 202 4076 p·
224 4009 388 4141 atpNgscio
413 4095 478 4130 num
500 4076 552 4131 huc
575 4079 717 4132 referenda
740 4079 808 4140 sint,
828 4096 897 4147 quae
921 4079 1000 4132 affert
1015 4079 1096 4132 Pauo.
1118 4077 1180 4131 VII.
1202 4081 1242 4130 22.
1264 4081 1293 4143 3;

147 4189 149 4194 ·
176 4161 254 4214 VIII.
269 4165 309 4214 35.
325 4167 349 4216 6.
365 4161 399 4216 cf.
411 4163 573 4218 Winolrelm.
587 4162 639 4214 ΙΙΙ.
653 4180 679 4232 p.
695 4166 710 4215 9
719 4186 725 4227 ;
740 4163 851 4227 Preller,
865 4164 953 4234 Pauly
964 4163 1085 4218 R.-Enc.
1102 4165 1133 4217 V.
1151 4168 1173 4216 1.
1190 4182 1216 4234 p.
1232 4167 1293 4228 5645

175 4254 203 4299 et
220 4255 359 4316 praeterea
376 4249 489 4302 fortasse
508 4248 587 4301 Paus.
609 4249 683 4301 VIII.
705 4251 745 4300 31.
767 4253 790 4300 7.

1078 4357 1086 4404 l
